<record><header><identifier>oai:alma.41SLSP_UGE:991000003819705502</identifier><datestamp>2024-09-21T00:23:25Z</datestamp><setSpec>uge_bcen_RapidILL_BOOK</setSpec><setSpec>uge_aaca_RapidILL_BOOK</setSpec><setSpec>uge_abels_RapidILL_BOOK</setSpec><setSpec>uge_dbu_RapidILL_BOOK</setSpec><setSpec>uge_cmu_RapidILL_BOOK</setSpec><setSpec>uge_mail_RapidILL_BOOK</setSpec><setSpec>uge_abbat_RapidILL_BOOK</setSpec><setSpec>UNIGE_ALL</setSpec><setSpec>uge_acar_RapidILL_BOOK</setSpec><setSpec>uge_aobs_RapidILL_BOOK</setSpec></header><metadata>
<record xmlns="http://www.loc.gov/MARC21/slim" xmlns:xsi="http://www.w3.org/2001/XMLSchema-instance" xsi:schemaLocation="http://www.loc.gov/MARC21/slim http://www.loc.gov/standards/marcxml/schema/MARC21slim.xsd"><leader>01699nam a2200469 c 4500</leader><controlfield tag="001">991000003819705502</controlfield><controlfield tag="005">20240920183201.0</controlfield><controlfield tag="008">201011r19681930ctu||||| |||| 00| ||eng d</controlfield><datafield ind1=" " ind2=" " tag="035"><subfield code="a">(swissbib)213314193-41slsp_network</subfield></datafield><datafield ind1=" " ind2=" " tag="035"><subfield code="a">213314193</subfield><subfield code="9">ExL</subfield></datafield><datafield ind1=" " ind2=" " tag="035"><subfield code="a">(RERO)R007279178-41slsp</subfield></datafield><datafield ind1=" " ind2=" " tag="035"><subfield code="a">(IDSBB)001121646DSV01</subfield></datafield><datafield ind1=" " ind2=" " tag="035"><subfield code="a">(NEBIS)005141714EBI01</subfield></datafield><datafield ind1=" " ind2=" " tag="035"><subfield code="a">(EXLNZ-41SLSP_NETWORK)991012391549705501</subfield></datafield><datafield ind1=" " ind2=" " tag="040"><subfield code="a">DLC</subfield><subfield code="d">CH-ZuSLS</subfield></datafield><datafield ind1="0" ind2=" " tag="041"><subfield code="a">eng</subfield><subfield code="a">enm</subfield></datafield><datafield ind1=" " ind2="0" tag="050"><subfield code="a">PE659.A6</subfield><subfield code="b">O3 1968</subfield></datafield><datafield ind1=" " ind2="7" tag="072"><subfield code="a">an</subfield><subfield code="2">rero</subfield></datafield><datafield ind1="0" ind2="0" tag="082"><subfield code="a">426/.09/02</subfield></datafield><datafield ind1="1" ind2=" " tag="100"><subfield code="a">Oakden, James Parker</subfield><subfield code="0">(RERO)A003650289</subfield><subfield code="4">cre</subfield></datafield><datafield ind1="1" ind2="0" tag="245"><subfield code="a">Alliterative poetry in Middle English</subfield><subfield code="c">by J.P. Oakden</subfield></datafield><datafield ind1=" " ind2=" " tag="250"><subfield code="a">Repr. in 1 vol.</subfield></datafield><datafield ind1=" " ind2="1" tag="264"><subfield code="a">[Hamden, Conn.]</subfield><subfield code="b">Archon Books</subfield><subfield code="c">1968</subfield></datafield><datafield ind1=" " ind2=" " tag="300"><subfield code="a">2 v. in 1.</subfield><subfield code="b">illus., map.</subfield><subfield code="c">22 cm.</subfield></datafield><datafield ind1=" " ind2=" " tag="336"><subfield code="b">txt</subfield><subfield code="2">rdacontent</subfield></datafield><datafield ind1=" " ind2=" " tag="337"><subfield code="b">n</subfield><subfield code="2">rdamedia</subfield></datafield><datafield ind1=" " ind2=" " tag="338"><subfield code="b">nc</subfield><subfield code="2">rdacarrier</subfield></datafield><datafield ind1=" " ind2=" " tag="500"><subfield code="a">Reprint of the 1930-35 ed</subfield></datafield><datafield ind1=" " ind2=" " tag="504"><subfield code="a">Includes bibliographical references.</subfield></datafield><datafield ind1="0" ind2=" " tag="505"><subfield code="a">[1] The dialectal and metrical survey.--[2] A survey of the traditions</subfield></datafield><datafield ind1=" " ind2=" " tag="534"><subfield code="c">Orig. publ. in 1930 and 1935 in 2 vols by Manchester University Press</subfield></datafield><datafield ind1=" " ind2="0" tag="650"><subfield code="a">Alliteration</subfield></datafield><datafield ind1=" " ind2="0" tag="650"><subfield code="a">English language</subfield><subfield code="y">Middle English, 1100-1500</subfield><subfield code="x">Versification</subfield></datafield><datafield ind1=" " ind2="0" tag="650"><subfield code="a">English poetry</subfield><subfield code="y">Middle English, 1100-1500</subfield><subfield code="x">History and criticism</subfield></datafield><datafield ind1=" " ind2="0" tag="650"><subfield code="a">Literary form</subfield><subfield code="x">History</subfield><subfield code="y">To 1500</subfield></datafield><datafield ind1=" " ind2="0" tag="650"><subfield code="a">Rhetoric, Medieval</subfield></datafield><datafield ind1=" " ind2="7" tag="650"><subfield code="a">Alliteration</subfield><subfield code="2">idszbzes</subfield></datafield><datafield ind1=" " ind2="7" tag="650"><subfield code="a">Middle English</subfield><subfield code="x">Poetry</subfield><subfield code="2">idszbzes</subfield></datafield><datafield ind1=" " ind2="7" tag="650"><subfield code="a">Dialectology</subfield><subfield code="x">Middle English</subfield><subfield code="2">idszbzes</subfield></datafield><datafield ind1="1" ind2=" " tag="700"><subfield code="a">Oakden, J. P.</subfield></datafield><datafield ind1=" " ind2=" " tag="900"><subfield code="a">REROnoselfmerge</subfield></datafield><datafield ind1=" " ind2=" " tag="900"><subfield code="a">IDSZ2esmon200604f</subfield><subfield code="c">IDSZ2kama</subfield><subfield code="d">IDSZ2esswk200604b</subfield><subfield code="e">IDSZ2leud</subfield></datafield><datafield ind1=" " ind2=" " tag="910"><subfield code="a">OCoLC</subfield><subfield code="b">20130417</subfield><subfield code="c">Droits réservés</subfield></datafield></record>
</metadata></record>