<record><header><identifier>oai:alma.41SLSP_UGE:991000026409705502</identifier><datestamp>2023-03-01T01:08:52Z</datestamp><setSpec>uge_bcen_RapidILL_BOOK</setSpec><setSpec>uge_aaca_RapidILL_BOOK</setSpec><setSpec>uge_abels_RapidILL_BOOK</setSpec><setSpec>uge_dbu_RapidILL_BOOK</setSpec><setSpec>uge_cmu_RapidILL_BOOK</setSpec><setSpec>uge_mail_RapidILL_BOOK</setSpec><setSpec>UNIGE_ALL</setSpec><setSpec>uge_abbat_RapidILL_BOOK</setSpec><setSpec>uge_aobs_RapidILL_BOOK</setSpec><setSpec>uge_acar_RapidILL_BOOK</setSpec></header><metadata>
<record xmlns="http://www.loc.gov/MARC21/slim" xmlns:xsi="http://www.w3.org/2001/XMLSchema-instance" xsi:schemaLocation="http://www.loc.gov/MARC21/slim http://www.loc.gov/standards/marcxml/schema/MARC21slim.xsd"><leader>01270nam a2200337 c 4500</leader><controlfield tag="001">991000026409705502</controlfield><controlfield tag="005">20201222190401.0</controlfield><controlfield tag="008">201012s1989    xxu||||| |||| 00| ||eng d</controlfield><datafield ind1=" " ind2=" " tag="010"><subfield code="a">89015137</subfield></datafield><datafield ind1=" " ind2=" " tag="020"><subfield code="a">0821824767</subfield></datafield><datafield ind1=" " ind2=" " tag="035"><subfield code="a">(swissbib)232877483-41slsp_network</subfield></datafield><datafield ind1=" " ind2=" " tag="035"><subfield code="a">232877483</subfield><subfield code="9">ExL</subfield></datafield><datafield ind1=" " ind2=" " tag="035"><subfield code="a">(RERO)1164537-41slsp</subfield></datafield><datafield ind1=" " ind2=" " tag="035"><subfield code="a">(NEBIS)000584185EBI01</subfield></datafield><datafield ind1=" " ind2=" " tag="035"><subfield code="a">(EXLNZ-41SLSP_NETWORK)991006147149705501</subfield></datafield><datafield ind1=" " ind2=" " tag="040"><subfield code="a">RERO geussm</subfield><subfield code="d">CH-ZuSLS</subfield></datafield><datafield ind1=" " ind2="7" tag="072"><subfield code="a">ma</subfield><subfield code="2">rero</subfield></datafield><datafield ind1=" " ind2=" " tag="084"><subfield code="a">05</subfield><subfield code="2">msc</subfield></datafield><datafield ind1="1" ind2=" " tag="100"><subfield code="a">Brenti, Francesco</subfield><subfield code="d">1960-....</subfield><subfield code="0">(IDREF)096161094</subfield><subfield code="4">cre</subfield></datafield><datafield ind1="1" ind2="0" tag="245"><subfield code="a">Unimodal, log-concave and Pólya frequency sequences in combinatorics</subfield><subfield code="c">Francesco Brenti</subfield></datafield><datafield ind1=" " ind2="1" tag="264"><subfield code="a">Providence R.I.</subfield><subfield code="b">American Mathematical Society</subfield><subfield code="c">1989</subfield></datafield><datafield ind1=" " ind2=" " tag="300"><subfield code="a">VIII, 106 S.</subfield><subfield code="c">26 cm</subfield><subfield code="b">Ill.</subfield></datafield><datafield ind1=" " ind2=" " tag="336"><subfield code="b">txt</subfield><subfield code="2">rdacontent</subfield></datafield><datafield ind1=" " ind2=" " tag="337"><subfield code="b">n</subfield><subfield code="2">rdamedia</subfield></datafield><datafield ind1=" " ind2=" " tag="338"><subfield code="b">nc</subfield><subfield code="2">rdacarrier</subfield></datafield><datafield ind1="1" ind2=" " tag="490"><subfield code="a">Memoirs of the American Mathematical Society</subfield><subfield code="v">no 413</subfield></datafield><datafield ind1=" " ind2="7" tag="650"><subfield code="a">DISTRIBUTIVE VERBÄNDE (ALGEBRA)</subfield><subfield code="9">ger</subfield><subfield code="0">(ETHUDK)000012727</subfield><subfield code="2">ethudk</subfield></datafield><datafield ind1=" " ind2="7" tag="650"><subfield code="a">GERICHTETE GRAPHEN (GRAPHENTHEORIE)</subfield><subfield code="9">ger</subfield><subfield code="0">(ETHUDK)000013518</subfield><subfield code="2">ethudk</subfield></datafield><datafield ind1=" " ind2="7" tag="650"><subfield code="a">UNIMODALITÄT (MASSTHEORIE)</subfield><subfield code="9">ger</subfield><subfield code="0">(ETHUDK)000059267</subfield><subfield code="2">ethudk</subfield></datafield><datafield ind1=" " ind2=" " tag="830"><subfield code="a">Memoirs of the American Mathematical Society</subfield><subfield code="v">413</subfield><subfield code="w">(NEBIS)000023178EBI01</subfield></datafield><datafield ind1=" " ind2=" " tag="900"><subfield code="a">REROnoselfmerge</subfield></datafield><datafield ind1=" " ind2=" " tag="900"><subfield code="f">IDSU2medea</subfield></datafield></record>
</metadata></record>