<record><header><identifier>oai:alma.41SLSP_UGE:991000025779705502</identifier><datestamp>2023-06-16T00:14:50Z</datestamp><setSpec>uge_bcen_RapidILL_BOOK</setSpec><setSpec>uge_aaca_RapidILL_BOOK</setSpec><setSpec>uge_abels_RapidILL_BOOK</setSpec><setSpec>uge_dbu_RapidILL_BOOK</setSpec><setSpec>uge_cmu_RapidILL_BOOK</setSpec><setSpec>uge_mail_RapidILL_BOOK</setSpec><setSpec>uge_abbat_RapidILL_BOOK</setSpec><setSpec>UNIGE_ALL</setSpec><setSpec>uge_acar_RapidILL_BOOK</setSpec><setSpec>uge_aobs_RapidILL_BOOK</setSpec></header><metadata>
<record xmlns="http://www.loc.gov/MARC21/slim" xmlns:xsi="http://www.w3.org/2001/XMLSchema-instance" xsi:schemaLocation="http://www.loc.gov/MARC21/slim http://www.loc.gov/standards/marcxml/schema/MARC21slim.xsd"><leader>01639nam a22003737c 4500</leader><controlfield tag="001">991000025779705502</controlfield><controlfield tag="005">20230615053838.0</controlfield><controlfield tag="008">000915s1970    xxu||||| |||| 00| ||eng d</controlfield><datafield ind1=" " ind2=" " tag="020"><subfield code="a">0813731232</subfield></datafield><datafield ind1="7" ind2=" " tag="024"><subfield code="a">http://catalogue.bnf.fr/ark:/12148/cb37367825b</subfield><subfield code="2">uri</subfield></datafield><datafield ind1=" " ind2=" " tag="035"><subfield code="a">(swissbib)082705593-41slsp_network</subfield></datafield><datafield ind1=" " ind2=" " tag="035"><subfield code="a">082705593</subfield><subfield code="9">ExL</subfield></datafield><datafield ind1=" " ind2=" " tag="035"><subfield code="a">(RERO)0970471-41slsp</subfield></datafield><datafield ind1=" " ind2=" " tag="035"><subfield code="a">(EXLNZ-41SLSP_NETWORK)991121440769705501</subfield></datafield><datafield ind1=" " ind2=" " tag="040"><subfield code="a">RERO lausst</subfield><subfield code="d">CH-ZuSLS</subfield></datafield><datafield ind1=" " ind2="7" tag="072"><subfield code="a">st</subfield><subfield code="2">rero</subfield></datafield><datafield ind1="0" ind2="0" tag="245"><subfield code="a">Treatise on invertebrate paleontology</subfield><subfield code="n">Part V</subfield><subfield code="p">Graptolithina : with sections on enteropneusta and pterobranchia</subfield><subfield code="c">by O.M.B. Bulman ; dir. and ed. by Raymond C. Moore... [et al.]</subfield></datafield><datafield ind1=" " ind2=" " tag="250"><subfield code="a">2nd ed. rev. and enlarged</subfield></datafield><datafield ind1=" " ind2="1" tag="264"><subfield code="a">Boulder CO</subfield><subfield code="b">Geological Society of America</subfield><subfield code="a">Lawrence, Kan.</subfield><subfield code="b">University of Kansas</subfield><subfield code="c">1970</subfield></datafield><datafield ind1=" " ind2=" " tag="300"><subfield code="a">XXXII, 163 Seiten</subfield><subfield code="b">Illustrationen</subfield><subfield code="c">25 cm</subfield></datafield><datafield ind1=" " ind2=" " tag="336"><subfield code="b">txt</subfield><subfield code="2">rdacontent</subfield></datafield><datafield ind1=" " ind2=" " tag="337"><subfield code="b">n</subfield><subfield code="2">rdamedia</subfield></datafield><datafield ind1=" " ind2=" " tag="338"><subfield code="b">nc</subfield><subfield code="2">rdacarrier</subfield></datafield><datafield ind1=" " ind2="7" tag="650"><subfield code="a">Fossil</subfield><subfield code="0">(DE-588)4017999-0</subfield><subfield code="2">gnd</subfield></datafield><datafield ind1=" " ind2="7" tag="650"><subfield code="a">Graptolithen</subfield><subfield code="0">(DE-588)4158081-3</subfield><subfield code="2">gnd</subfield></datafield><datafield ind1=" " ind2="7" tag="650"><subfield code="a">Paläontologie</subfield><subfield code="0">(DE-588)4044375-9</subfield><subfield code="2">gnd</subfield></datafield><datafield ind1=" " ind2="7" tag="650"><subfield code="a">Entéropneustes</subfield><subfield code="0">(IDREF)05266306X</subfield><subfield code="2">idref</subfield></datafield><datafield ind1=" " ind2="7" tag="650"><subfield code="a">Graptolites</subfield><subfield code="0">(IDREF)033359083</subfield><subfield code="2">idref</subfield></datafield><datafield ind1=" " ind2="7" tag="650"><subfield code="a">Paléozoologie</subfield><subfield code="0">(IDREF)030759900</subfield><subfield code="2">idref</subfield></datafield><datafield ind1=" " ind2="7" tag="650"><subfield code="a">Ptérobranches</subfield><subfield code="0">(IDREF)052663396</subfield><subfield code="2">idref</subfield></datafield><datafield ind1="1" ind2=" " tag="700"><subfield code="6">880-01</subfield><subfield code="a">Bulman, Oliver Meredith Boone</subfield><subfield code="d">1902-1974</subfield><subfield code="0">(IDREF)085941794</subfield></datafield><datafield ind1="1" ind2=" " tag="880"><subfield code="6">700-01/(B</subfield><subfield code="a">Bulman, Oliver Meredith Boone</subfield><subfield code="d">1902-1974</subfield><subfield code="0">(DE-588)11715430X</subfield></datafield><datafield ind1=" " ind2=" " tag="830"><subfield code="a">Treatise on invertebrate paleontology</subfield><subfield code="v">V</subfield><subfield code="w">(RERO)0970331-41slsp</subfield></datafield><datafield ind1=" " ind2=" " tag="830"><subfield code="a">Treatise on invertebrate paleontology</subfield><subfield code="v">5</subfield><subfield code="w">(IDSBB)000039774DSV01</subfield></datafield><datafield ind1=" " ind2=" " tag="900"><subfield code="a">REROnoselfmerge</subfield></datafield></record>
</metadata></record>