<record><header><identifier>oai:alma.41SLSP_UGE:991000026509705502</identifier><datestamp>2023-03-01T01:08:52Z</datestamp><setSpec>uge_bcen_RapidILL_BOOK</setSpec><setSpec>uge_aaca_RapidILL_BOOK</setSpec><setSpec>uge_abels_RapidILL_BOOK</setSpec><setSpec>uge_dbu_RapidILL_BOOK</setSpec><setSpec>uge_cmu_RapidILL_BOOK</setSpec><setSpec>uge_mail_RapidILL_BOOK</setSpec><setSpec>UNIGE_ALL</setSpec><setSpec>uge_abbat_RapidILL_BOOK</setSpec><setSpec>uge_aobs_RapidILL_BOOK</setSpec><setSpec>uge_acar_RapidILL_BOOK</setSpec></header><metadata>
<record xmlns="http://www.loc.gov/MARC21/slim" xmlns:xsi="http://www.w3.org/2001/XMLSchema-instance" xsi:schemaLocation="http://www.loc.gov/MARC21/slim http://www.loc.gov/standards/marcxml/schema/MARC21slim.xsd"><leader>02172nam a2200565 c 4500</leader><controlfield tag="001">991000026509705502</controlfield><controlfield tag="005">20230217211117.0</controlfield><controlfield tag="008">201011s1983    gw ||||| |||| 01| ||eng d</controlfield><datafield ind1=" " ind2=" " tag="020"><subfield code="a">3515032304</subfield></datafield><datafield ind1=" " ind2=" " tag="035"><subfield code="a">(swissbib)21453023X-41slsp_network</subfield></datafield><datafield ind1=" " ind2=" " tag="035"><subfield code="a">21453023X</subfield><subfield code="9">ExL</subfield></datafield><datafield ind1=" " ind2=" " tag="035"><subfield code="a">(RERO)0463588-41slsp</subfield></datafield><datafield ind1=" " ind2=" " tag="035"><subfield code="a">(IDSBB)000032126DSV01</subfield></datafield><datafield ind1=" " ind2=" " tag="035"><subfield code="a">(NEBIS)003301365EBI01</subfield></datafield><datafield ind1=" " ind2=" " tag="035"><subfield code="a">(EXLNZ-41SLSP_NETWORK)991153033209705501</subfield></datafield><datafield ind1=" " ind2=" " tag="040"><subfield code="a">RERO</subfield><subfield code="d">CH-ZuSLS</subfield></datafield><datafield ind1="0" ind2=" " tag="041"><subfield code="a">eng</subfield><subfield code="a">fre</subfield><subfield code="a">ger</subfield></datafield><datafield ind1=" " ind2="7" tag="072"><subfield code="a">ha</subfield><subfield code="2">rero</subfield></datafield><datafield ind1=" " ind2="7" tag="072"><subfield code="a">ag</subfield><subfield code="2">SzZuIDS BS/BE</subfield></datafield><datafield ind1="0" ind2="4" tag="082"><subfield code="a">930</subfield><subfield code="b">A466</subfield></datafield><datafield ind1="1" ind2="4" tag="082"><subfield code="a">930</subfield><subfield code="2">15</subfield></datafield><datafield ind1=" " ind2=" " tag="084"><subfield code="a">NH 5100</subfield><subfield code="2">rvk</subfield></datafield><datafield ind1=" " ind2=" " tag="084"><subfield code="a">NK 8200</subfield><subfield code="2">rvk</subfield></datafield><datafield ind1="0" ind2="0" tag="245"><subfield code="a">Althistorische Studien</subfield><subfield code="b">Herman Bengtson zum 70. Geburtstag dargebracht von Kollegen und Schülern</subfield><subfield code="c">hrsg. von Heinz Heinen ; in Verbindung mit Karl Stroheker und Gerold Walser</subfield></datafield><datafield ind1=" " ind2="1" tag="264"><subfield code="a">Wiesbaden</subfield><subfield code="b">F. Steiner</subfield><subfield code="c">1983</subfield></datafield><datafield ind1=" " ind2=" " tag="300"><subfield code="a">257 p.</subfield><subfield code="b">ill.</subfield><subfield code="c">24 cm</subfield></datafield><datafield ind1=" " ind2=" " tag="336"><subfield code="b">txt</subfield><subfield code="2">rdacontent</subfield></datafield><datafield ind1=" " ind2=" " tag="337"><subfield code="b">n</subfield><subfield code="2">rdamedia</subfield></datafield><datafield ind1=" " ind2=" " tag="338"><subfield code="b">nc</subfield><subfield code="2">rdacarrier</subfield></datafield><datafield ind1="1" ind2=" " tag="490"><subfield code="a">Historia. Einzelschriften</subfield><subfield code="v">H. 40</subfield></datafield><datafield ind1="1" ind2="0" tag="600"><subfield code="a">Bengtson, Hermann</subfield><subfield code="d">1909-1989</subfield></datafield><datafield ind1=" " ind2="7" tag="648"><subfield code="a">Geschichte</subfield><subfield code="2">gnd</subfield></datafield><datafield ind1=" " ind2="7" tag="648"><subfield code="a">Weltgeschichte 800 v. Chr.-500</subfield><subfield code="2">gnd</subfield></datafield><datafield ind1=" " ind2="7" tag="648"><subfield code="a">Geschichte 800 v. Chr.-500</subfield><subfield code="2">gnd</subfield></datafield><datafield ind1=" " ind2="7" tag="650"><subfield code="a">Antiquité</subfield><subfield code="0">(IDREF)027789888</subfield><subfield code="2">idref</subfield></datafield><datafield ind1=" " ind2="7" tag="650"><subfield code="a">Altertum</subfield><subfield code="0">(DE-588)4001480-0</subfield><subfield code="2">gnd</subfield></datafield><datafield ind1=" " ind2="0" tag="650"><subfield code="a">History, Ancient</subfield></datafield><datafield ind1=" " ind2="7" tag="655"><subfield code="a">[Études diverses]</subfield><subfield code="0">(RERO)A022249905</subfield><subfield code="2">rero</subfield></datafield><datafield ind1=" " ind2="7" tag="655"><subfield code="a">Festschrift</subfield><subfield code="2">gnd-content</subfield></datafield><datafield ind1=" " ind2="7" tag="655"><subfield code="a">Aufsatzsammlung</subfield><subfield code="2">gnd-content</subfield></datafield><datafield ind1="1" ind2=" " tag="700"><subfield code="a">Heinen, Heinz</subfield><subfield code="d">1941-2013</subfield><subfield code="0">(DE-588)117757969</subfield><subfield code="6">880-02</subfield></datafield><datafield ind1="1" ind2=" " tag="880"><subfield code="6">700-02</subfield><subfield code="a">Heinen, Heinz</subfield><subfield code="d">1941-2013</subfield><subfield code="0">(IDREF)028338421</subfield></datafield><datafield ind1="1" ind2=" " tag="700"><subfield code="a">Stroheker, Karl Friedrich</subfield><subfield code="d">1914-1988</subfield><subfield code="0">(IDREF)074621157</subfield></datafield><datafield ind1="1" ind2=" " tag="700"><subfield code="a">Walser, Gerold</subfield><subfield code="d">1917-2000</subfield><subfield code="0">(DE-588)118859501</subfield><subfield code="6">880-04</subfield></datafield><datafield ind1="1" ind2=" " tag="880"><subfield code="6">700-04</subfield><subfield code="a">Walser, Gerold</subfield><subfield code="d">1917-2000</subfield><subfield code="0">(IDREF)028387538</subfield></datafield><datafield ind1="1" ind2=" " tag="700"><subfield code="a">Bengtson, Hermann</subfield><subfield code="d">1909-1989</subfield><subfield code="0">(DE-588)118508962</subfield><subfield code="6">880-05</subfield></datafield><datafield ind1="1" ind2=" " tag="880"><subfield code="6">700-05</subfield><subfield code="a">Bengtson, Hermann</subfield><subfield code="d">1909-1989</subfield><subfield code="0">(IDREF)028442539</subfield></datafield><datafield ind1=" " ind2=" " tag="830"><subfield code="a">Historia</subfield><subfield code="p">Steiner</subfield><subfield code="p">Einzelschriften</subfield><subfield code="v">40</subfield><subfield code="w">(RERO)0000168-41slsp</subfield></datafield><datafield ind1=" " ind2=" " tag="830"><subfield code="a">Historia</subfield><subfield code="p">Einzelschriften</subfield><subfield code="v">40</subfield><subfield code="w">(NEBIS)000988390EBI01</subfield></datafield><datafield ind1=" " ind2=" " tag="900"><subfield code="a">REROnoselfmerge</subfield></datafield><datafield ind1=" " ind2=" " tag="900"><subfield code="a">IDSZRMedeaZBZ</subfield><subfield code="b">IDSZRSWK</subfield></datafield></record>
</metadata></record>