<record><header><identifier>oai:alma.41SLSP_UGE:991000025699705502</identifier><datestamp>2023-04-11T00:13:54Z</datestamp><setSpec>uge_bcen_RapidILL_BOOK</setSpec><setSpec>uge_aaca_RapidILL_BOOK</setSpec><setSpec>uge_abels_RapidILL_BOOK</setSpec><setSpec>uge_dbu_RapidILL_BOOK</setSpec><setSpec>uge_cmu_RapidILL_BOOK</setSpec><setSpec>uge_mail_RapidILL_BOOK</setSpec><setSpec>uge_abbat_RapidILL_BOOK</setSpec><setSpec>UNIGE_ALL</setSpec><setSpec>uge_acar_RapidILL_BOOK</setSpec><setSpec>uge_aobs_RapidILL_BOOK</setSpec></header><metadata>
<record xmlns="http://www.loc.gov/MARC21/slim" xmlns:xsi="http://www.w3.org/2001/XMLSchema-instance" xsi:schemaLocation="http://www.loc.gov/MARC21/slim http://www.loc.gov/standards/marcxml/schema/MARC21slim.xsd"><leader>01299nam a2200349 c 4500</leader><controlfield tag="001">991000025699705502</controlfield><controlfield tag="005">20230410185707.0</controlfield><controlfield tag="008">151127s2003    xxk||||| |||| 00| ||eng d</controlfield><datafield ind1=" " ind2=" " tag="020"><subfield code="a">1904453015</subfield></datafield><datafield ind1=" " ind2=" " tag="035"><subfield code="a">(swissbib)122369041-41slsp_network</subfield></datafield><datafield ind1=" " ind2=" " tag="035"><subfield code="a">122369041</subfield><subfield code="9">ExL</subfield></datafield><datafield ind1=" " ind2=" " tag="035"><subfield code="a">(RERO)R008314109-41slsp</subfield></datafield><datafield ind1=" " ind2=" " tag="035"><subfield code="a">(EXLNZ-41SLSP_NETWORK)991008305769705501</subfield></datafield><datafield ind1=" " ind2=" " tag="040"><subfield code="a">RERO geussc</subfield><subfield code="d">CH-ZuSLS</subfield></datafield><datafield ind1=" " ind2="7" tag="072"><subfield code="a">py</subfield><subfield code="2">rero</subfield></datafield><datafield ind1=" " ind2="7" tag="072"><subfield code="a">me</subfield><subfield code="2">rero</subfield></datafield><datafield ind1="0" ind2="0" tag="245"><subfield code="a">Neutron and photon spectrometry tequniques [i.e. techniques] for radiation protection</subfield><subfield code="c">ed. D.J. Thomas, H. Klein</subfield></datafield><datafield ind1="1" ind2=" " tag="246"><subfield code="a">Neutron and photon spectrometry techniques for radiation protection</subfield></datafield><datafield ind1=" " ind2="1" tag="264"><subfield code="a">Ashford</subfield><subfield code="b">Nuclear Technology Publ.</subfield><subfield code="c">2003</subfield></datafield><datafield ind1=" " ind2=" " tag="300"><subfield code="a">208 p.</subfield><subfield code="b">ill.</subfield><subfield code="c">25 cm</subfield></datafield><datafield ind1=" " ind2=" " tag="336"><subfield code="b">txt</subfield><subfield code="2">rdacontent</subfield></datafield><datafield ind1=" " ind2=" " tag="337"><subfield code="b">n</subfield><subfield code="2">rdamedia</subfield></datafield><datafield ind1=" " ind2=" " tag="338"><subfield code="b">nc</subfield><subfield code="2">rdacarrier</subfield></datafield><datafield ind1="1" ind2=" " tag="490"><subfield code="a">Radiation protection dosimetry</subfield><subfield code="v">vol. 107, no. 1-3</subfield></datafield><datafield ind1=" " ind2="7" tag="650"><subfield code="a">Radioprotection</subfield><subfield code="0">(IDREF)027425177</subfield><subfield code="2">idref</subfield></datafield><datafield ind1=" " ind2="7" tag="650"><subfield code="a">Neutrons</subfield><subfield code="0">(IDREF)027393003</subfield><subfield code="2">idref</subfield></datafield><datafield ind1=" " ind2="7" tag="650"><subfield code="a">Spectroscopie</subfield><subfield code="0">(IDREF)027716910</subfield><subfield code="2">idref</subfield></datafield><datafield ind1=" " ind2="7" tag="650"><subfield code="a">Photons</subfield><subfield code="0">(IDREF)027840611</subfield><subfield code="2">idref</subfield></datafield><datafield ind1=" " ind2="7" tag="655"><subfield code="a">[Études diverses]</subfield><subfield code="0">(RERO)A022249905</subfield><subfield code="2">rero</subfield></datafield><datafield ind1="1" ind2=" " tag="700"><subfield code="a">Thomas, David J</subfield><subfield code="0">(RERO)A012935945</subfield></datafield><datafield ind1="1" ind2=" " tag="700"><subfield code="a">Klein, Horst</subfield><subfield code="0">(RERO)A003458399</subfield></datafield><datafield ind1=" " ind2="0" tag="830"><subfield code="a">Radiation protection dosimetry</subfield><subfield code="v">107,1-3</subfield></datafield><datafield ind1=" " ind2=" " tag="900"><subfield code="a">REROnoselfmerge</subfield></datafield></record>
</metadata></record>