<record><header><identifier>oai:alma.41SLSP_UGE:991000026009705502</identifier><datestamp>2023-03-01T01:08:52Z</datestamp><setSpec>uge_bcen_RapidILL_BOOK</setSpec><setSpec>uge_aaca_RapidILL_BOOK</setSpec><setSpec>uge_abels_RapidILL_BOOK</setSpec><setSpec>uge_dbu_RapidILL_BOOK</setSpec><setSpec>uge_cmu_RapidILL_BOOK</setSpec><setSpec>uge_mail_RapidILL_BOOK</setSpec><setSpec>UNIGE_ALL</setSpec><setSpec>uge_abbat_RapidILL_BOOK</setSpec><setSpec>uge_aobs_RapidILL_BOOK</setSpec><setSpec>uge_acar_RapidILL_BOOK</setSpec></header><metadata>
<record xmlns="http://www.loc.gov/MARC21/slim" xmlns:xsi="http://www.w3.org/2001/XMLSchema-instance" xsi:schemaLocation="http://www.loc.gov/MARC21/slim http://www.loc.gov/standards/marcxml/schema/MARC21slim.xsd"><leader>01651nam a2200313 c 4500</leader><controlfield tag="001">991000026009705502</controlfield><controlfield tag="005">20201227141902.0</controlfield><controlfield tag="008">960709s1996    gw ||||| |||| 00| ||eng d</controlfield><datafield ind1=" " ind2=" " tag="020"><subfield code="a">3452234541</subfield></datafield><datafield ind1=" " ind2=" " tag="035"><subfield code="a">(swissbib)091471974-41slsp_network</subfield></datafield><datafield ind1=" " ind2=" " tag="035"><subfield code="a">091471974</subfield><subfield code="9">ExL</subfield></datafield><datafield ind1=" " ind2=" " tag="035"><subfield code="a">(RERO)2228031-41slsp</subfield></datafield><datafield ind1=" " ind2=" " tag="035"><subfield code="a">(EXLNZ-41SLSP_NETWORK)991150594069705501</subfield></datafield><datafield ind1=" " ind2=" " tag="040"><subfield code="a">RERO geubfd</subfield><subfield code="d">CH-ZuSLS</subfield></datafield><datafield ind1="0" ind2=" " tag="041"><subfield code="a">eng</subfield><subfield code="a">fre</subfield></datafield><datafield ind1=" " ind2="7" tag="072"><subfield code="a">dr</subfield><subfield code="2">rero</subfield></datafield><datafield ind1=" " ind2=" " tag="084"><subfield code="a">D 18.2 d</subfield><subfield code="2">cjurrom</subfield></datafield><datafield ind1="0" ind2="0" tag="245"><subfield code="a">Publications de la Cour Européenne des Droits de l'Homme</subfield><subfield code="p">Série A, arrêts et décisions.</subfield><subfield code="n">Vol. 328</subfield><subfield code="p">Affaire Schmautzer c. Autriche</subfield><subfield code="b">arrêt du 23 octobre 1995</subfield><subfield code="p">Affaire Umlauft c. Autriche : arrêt du 23 octobre 1995</subfield><subfield code="p">Affaire Gradinger c. Autriche : arrêt du 23 octobre 1995</subfield><subfield code="c">Greffe de la Cour, Conseil de l'Europe = Publications of the European Court of Human Rights. Séries A, judgments and decisions. Vol. 328, Case of Schmautzer v. Austria : judgment of 23 October 1995 ; Case of Umlauft v. Austria : judgment of 23 October 1995 ; Case of Gradinger v. Austria : judgment of 23 October 1995 / Registry of the Court, Council of Europe</subfield></datafield><datafield ind1="1" ind2=" " tag="246"><subfield code="a">Case of Schmautzer v. Austria</subfield></datafield><datafield ind1="1" ind2=" " tag="246"><subfield code="a">Case of Umlauft v. Austria</subfield></datafield><datafield ind1="1" ind2=" " tag="246"><subfield code="a">Affaire Umlauft c. Autriche</subfield></datafield><datafield ind1="1" ind2=" " tag="246"><subfield code="a">Case of Gradinger v. Austria</subfield></datafield><datafield ind1="1" ind2=" " tag="246"><subfield code="a">Affaire Gradinger c. Autriche</subfield></datafield><datafield ind1=" " ind2="1" tag="264"><subfield code="a">Strasbourg</subfield><subfield code="b">Conseil de l'Europe</subfield><subfield code="c">1996</subfield></datafield><datafield ind1=" " ind2=" " tag="300"><subfield code="a">79 p. avec pagination double.</subfield><subfield code="c">25 cm</subfield></datafield><datafield ind1=" " ind2=" " tag="336"><subfield code="b">txt</subfield><subfield code="2">rdacontent</subfield></datafield><datafield ind1=" " ind2=" " tag="337"><subfield code="b">n</subfield><subfield code="2">rdamedia</subfield></datafield><datafield ind1=" " ind2=" " tag="338"><subfield code="b">nc</subfield><subfield code="2">rdacarrier</subfield></datafield><datafield ind1=" " ind2=" " tag="830"><subfield code="a">Publications de la Cour Européenne des Droits de l'Homme</subfield><subfield code="p">Série A, arrêts et décisions</subfield><subfield code="v">328</subfield><subfield code="w">(RERO)0118851-41slsp</subfield></datafield><datafield ind1=" " ind2=" " tag="900"><subfield code="a">REROnoselfmerge</subfield></datafield></record>
</metadata></record>