<record><header><identifier>oai:alma.41SLSP_UGE:991000025689705502</identifier><datestamp>2024-09-05T00:05:39Z</datestamp><setSpec>uge_bcen_RapidILL_BOOK</setSpec><setSpec>uge_aaca_RapidILL_BOOK</setSpec><setSpec>uge_abels_RapidILL_BOOK</setSpec><setSpec>uge_dbu_RapidILL_BOOK</setSpec><setSpec>uge_cmu_RapidILL_BOOK</setSpec><setSpec>uge_mail_RapidILL_BOOK</setSpec><setSpec>uge_abbat_RapidILL_BOOK</setSpec><setSpec>UNIGE_ALL</setSpec><setSpec>uge_acar_RapidILL_BOOK</setSpec><setSpec>uge_aobs_RapidILL_BOOK</setSpec></header><metadata>
<record xmlns="http://www.loc.gov/MARC21/slim" xmlns:xsi="http://www.w3.org/2001/XMLSchema-instance" xsi:schemaLocation="http://www.loc.gov/MARC21/slim http://www.loc.gov/standards/marcxml/schema/MARC21slim.xsd"><leader>02184ncm a2200565 c 4500</leader><controlfield tag="001">991000025689705502</controlfield><controlfield tag="005">20240904165200.0</controlfield><controlfield tag="008">201012t19961996xxu||l||            und d</controlfield><datafield ind1=" " ind2=" " tag="020"><subfield code="a">0895793342</subfield></datafield><datafield ind1=" " ind2=" " tag="035"><subfield code="a">(swissbib)23951534X-41slsp_network</subfield></datafield><datafield ind1=" " ind2=" " tag="035"><subfield code="a">23951534X</subfield><subfield code="9">ExL</subfield></datafield><datafield ind1=" " ind2=" " tag="035"><subfield code="a">(RERO)2257087-41slsp</subfield></datafield><datafield ind1=" " ind2=" " tag="035"><subfield code="a">(IDSBB)001301708DSV01</subfield></datafield><datafield ind1=" " ind2=" " tag="035"><subfield code="a">(NEBIS)001644852EBI01</subfield></datafield><datafield ind1=" " ind2=" " tag="035"><subfield code="a">(EXLNZ-41SLSP_NETWORK)991109149529705501</subfield></datafield><datafield ind1=" " ind2=" " tag="040"><subfield code="a">RERO frbcuc</subfield><subfield code="d">CH-ZuSLS</subfield></datafield><datafield ind1=" " ind2="7" tag="072"><subfield code="a">mu</subfield><subfield code="2">rero</subfield></datafield><datafield ind1=" " ind2="7" tag="072"><subfield code="a">mu</subfield><subfield code="2">SzZuIDS BS/BE</subfield></datafield><datafield ind1="1" ind2="4" tag="082"><subfield code="a">780</subfield><subfield code="2">15</subfield></datafield><datafield ind1="1" ind2=" " tag="100"><subfield code="a">Graupner, Christoph</subfield><subfield code="d">1683-1760</subfield><subfield code="0">(DE-588)118718517</subfield><subfield code="6">880-01</subfield></datafield><datafield ind1="1" ind2=" " tag="880"><subfield code="6">100-01</subfield><subfield code="a">Graupner, Christoph</subfield><subfield code="d">1683-1760</subfield><subfield code="0">(IDREF)119244624</subfield><subfield code="4">cre</subfield></datafield><datafield ind1="1" ind2="0" tag="240"><subfield code="a">Concerti grossi</subfield><subfield code="m">VL Vl Orch</subfield></datafield><datafield ind1="1" ind2="0" tag="245"><subfield code="a">Concerti grossi for two violins</subfield><subfield code="c">Christoph Graupner ; ed. by John E. Lindberg</subfield></datafield><datafield ind1=" " ind2="1" tag="264"><subfield code="a">Madison</subfield><subfield code="b">A-R Ed.</subfield><subfield code="c">[1996]</subfield></datafield><datafield ind1=" " ind2="4" tag="264"><subfield code="c">© 1996</subfield></datafield><datafield ind1=" " ind2=" " tag="300"><subfield code="a">1 Partitur (XV, 188 S.)</subfield><subfield code="b">Ill.</subfield><subfield code="c">31 cm</subfield><subfield code="e">6 Stimmen</subfield></datafield><datafield ind1=" " ind2=" " tag="336"><subfield code="b">ntm</subfield><subfield code="2">rdacontent</subfield></datafield><datafield ind1=" " ind2=" " tag="337"><subfield code="b">n</subfield><subfield code="2">rdamedia</subfield></datafield><datafield ind1=" " ind2=" " tag="338"><subfield code="b">nc</subfield><subfield code="2">rdacarrier</subfield></datafield><datafield ind1=" " ind2=" " tag="348"><subfield code="a">Partitur</subfield><subfield code="2">gnd-music</subfield></datafield><datafield ind1=" " ind2=" " tag="348"><subfield code="a">partition</subfield><subfield code="2">gnd-music/fre</subfield></datafield><datafield ind1=" " ind2=" " tag="348"><subfield code="a">partitura</subfield><subfield code="2">gnd-music/ita</subfield></datafield><datafield ind1=" " ind2=" " tag="348"><subfield code="a">Stimme</subfield><subfield code="2">gnd-music</subfield></datafield><datafield ind1=" " ind2=" " tag="348"><subfield code="a">partie</subfield><subfield code="2">gnd-music/fre</subfield></datafield><datafield ind1=" " ind2=" " tag="348"><subfield code="a">parte</subfield><subfield code="2">gnd-music/ita</subfield></datafield><datafield ind1=" " ind2=" " tag="382"><subfield code="a">Violine</subfield><subfield code="n">2</subfield><subfield code="a">Streichorchester</subfield><subfield code="n">1</subfield><subfield code="a">Basso continuo</subfield><subfield code="n">1</subfield><subfield code="2">idsmusi</subfield></datafield><datafield ind1=" " ind2=" " tag="382"><subfield code="a">Violine</subfield><subfield code="n">2</subfield><subfield code="a">Orchester</subfield><subfield code="n">1</subfield><subfield code="2">idsmusi</subfield></datafield><datafield ind1="1" ind2=" " tag="490"><subfield code="a">Recent researches in the music of the baroque era</subfield><subfield code="v">vol. 78</subfield></datafield><datafield ind1=" " ind2=" " tag="500"><subfield code="a">Stimmenmaterial fakultativ</subfield></datafield><datafield ind1=" " ind2="7" tag="655"><subfield code="a">Konzert</subfield><subfield code="y">17.-18. Jh.</subfield><subfield code="2">idsmusg</subfield></datafield><datafield ind1=" " ind2=" " tag="690"><subfield code="a">Konzert</subfield><subfield code="q">Violine (2), Streichorchester, Basso continuo</subfield><subfield code="t">18. Jh.</subfield><subfield code="v">Noten</subfield><subfield code="2">ids-music</subfield></datafield><datafield ind1=" " ind2=" " tag="690"><subfield code="a">Konzert</subfield><subfield code="q">Violine (2), Orchester</subfield><subfield code="t">17.-18. Jh.</subfield><subfield code="v">Noten</subfield><subfield code="2">ids-music</subfield></datafield><datafield ind1=" " ind2=" " tag="690"><subfield code="q">Violine (2), Orchester</subfield><subfield code="t">17.-18. Jh.</subfield><subfield code="2">ids-music</subfield></datafield><datafield ind1=" " ind2=" " tag="690"><subfield code="a">Graupner, Christoph (1683-1760)</subfield><subfield code="2">uzb-UV</subfield></datafield><datafield ind1=" " ind2=" " tag="690"><subfield code="a">Concerto grosso &lt;Noten&gt;</subfield><subfield code="2">uzb-UV</subfield></datafield><datafield ind1=" " ind2=" " tag="690"><subfield code="a">Vl 2 solo, Vl 2, Va, Vc</subfield><subfield code="2">uzb-UV</subfield></datafield><datafield ind1="1" ind2=" " tag="700"><subfield code="a">Lindberg, John Edward</subfield></datafield><datafield ind1="1" ind2=" " tag="700"><subfield code="a">Lindberg, John E</subfield><subfield code="0">(RERO)A003522395</subfield></datafield><datafield ind1="1" ind2="2" tag="700"><subfield code="a">Graupner, Christoph</subfield><subfield code="t">Concertos grossos.</subfield><subfield code="m">Violons (2)</subfield></datafield><datafield ind1=" " ind2="0" tag="830"><subfield code="a">Recent researches in the music of the baroque era</subfield><subfield code="v">78</subfield><subfield code="w">(RERO)0613905-41slsp</subfield></datafield><datafield ind1=" " ind2=" " tag="900"><subfield code="a">REROnoselfmerge</subfield></datafield><datafield ind1=" " ind2=" " tag="960"><subfield code="2">matmu</subfield><subfield code="a">Allemagne ; XVIIe ; Baroque ; concerti grossi</subfield><subfield code="9">LOCAL</subfield></datafield></record>
</metadata></record>