<record><header><identifier>oai:alma.41SLSP_UGE:991000026209705502</identifier><datestamp>2024-09-21T00:14:43Z</datestamp><setSpec>uge_bcen_RapidILL_BOOK</setSpec><setSpec>uge_aaca_RapidILL_BOOK</setSpec><setSpec>uge_abels_RapidILL_BOOK</setSpec><setSpec>uge_dbu_RapidILL_BOOK</setSpec><setSpec>uge_cmu_RapidILL_BOOK</setSpec><setSpec>uge_mail_RapidILL_BOOK</setSpec><setSpec>uge_abbat_RapidILL_BOOK</setSpec><setSpec>UNIGE_ALL</setSpec><setSpec>uge_acar_RapidILL_BOOK</setSpec><setSpec>uge_aobs_RapidILL_BOOK</setSpec></header><metadata>
<record xmlns="http://www.loc.gov/MARC21/slim" xmlns:xsi="http://www.w3.org/2001/XMLSchema-instance" xsi:schemaLocation="http://www.loc.gov/MARC21/slim http://www.loc.gov/standards/marcxml/schema/MARC21slim.xsd"><leader>02010nam a2200553 c 4500</leader><controlfield tag="001">991000026209705502</controlfield><controlfield tag="005">20240920182243.0</controlfield><controlfield tag="008">201011s1972    xxu||||| |||| 00| ||eng d</controlfield><datafield ind1=" " ind2=" " tag="020"><subfield code="a">0834810018</subfield></datafield><datafield ind1=" " ind2=" " tag="035"><subfield code="a">(swissbib)226681483-41slsp_network</subfield></datafield><datafield ind1=" " ind2=" " tag="035"><subfield code="a">226681483</subfield><subfield code="9">ExL</subfield></datafield><datafield ind1=" " ind2=" " tag="035"><subfield code="a">(RERO)2023975-41slsp</subfield></datafield><datafield ind1=" " ind2=" " tag="035"><subfield code="a">(IDSBB)001548058DSV01</subfield></datafield><datafield ind1=" " ind2=" " tag="035"><subfield code="a">(NEBIS)004967681EBI01</subfield></datafield><datafield ind1=" " ind2=" " tag="035"><subfield code="a">(EXLNZ-41SLSP_NETWORK)991006446809705501</subfield></datafield><datafield ind1=" " ind2=" " tag="040"><subfield code="a">RERO frbcuc</subfield><subfield code="d">CH-ZuSLS</subfield></datafield><datafield ind1="1" ind2=" " tag="041"><subfield code="a">eng</subfield><subfield code="h">jpn</subfield></datafield><datafield ind1=" " ind2=" " tag="044"><subfield code="a">xxu</subfield><subfield code="a">ja</subfield></datafield><datafield ind1=" " ind2="7" tag="072"><subfield code="a">ba</subfield><subfield code="2">rero</subfield></datafield><datafield ind1="0" ind2="0" tag="082"><subfield code="a">709/.52</subfield></datafield><datafield ind1="1" ind2=" " tag="100"><subfield code="a">Sawa, Takaaki</subfield><subfield code="0">(RERO)A003789602</subfield><subfield code="4">cre</subfield></datafield><datafield ind1="1" ind2="0" tag="245"><subfield code="a">Art in Japanese esoteric Buddhism</subfield><subfield code="c">by Takaaki Sawa ; transl. by Richard L. Gage</subfield></datafield><datafield ind1=" " ind2="1" tag="264"><subfield code="a">New-York</subfield><subfield code="b">Weatherhill</subfield><subfield code="a">Tokyo</subfield><subfield code="b">Heibonsha</subfield><subfield code="c">1972</subfield></datafield><datafield ind1=" " ind2=" " tag="300"><subfield code="a">151 p.</subfield><subfield code="b">ill.</subfield><subfield code="c">24 cm</subfield></datafield><datafield ind1=" " ind2=" " tag="336"><subfield code="b">txt</subfield><subfield code="2">rdacontent</subfield></datafield><datafield ind1=" " ind2=" " tag="337"><subfield code="b">n</subfield><subfield code="2">rdamedia</subfield></datafield><datafield ind1=" " ind2=" " tag="338"><subfield code="b">nc</subfield><subfield code="2">rdacarrier</subfield></datafield><datafield ind1="1" ind2=" " tag="490"><subfield code="a">The Heibonsha survey of Japanese art</subfield><subfield code="v">vol. 8</subfield></datafield><datafield ind1=" " ind2=" " tag="500"><subfield code="a">Originaltitel: Mikkyo no Bijutsu</subfield></datafield><datafield ind1=" " ind2="7" tag="650"><subfield code="a">Ésotérisme</subfield><subfield code="0">(IDREF)027224341</subfield><subfield code="2">idref</subfield></datafield><datafield ind1=" " ind2="7" tag="650"><subfield code="a">9e siècle</subfield><subfield code="0">(IDREF)028018931</subfield><subfield code="2">idref</subfield></datafield><datafield ind1=" " ind2="7" tag="650"><subfield code="a">Art bouddhique japonais</subfield><subfield code="0">(RERO)A027726229</subfield><subfield code="2">rero</subfield></datafield><datafield ind1=" " ind2="7" tag="650"><subfield code="a">Vajrayāna</subfield><subfield code="2">idszbz</subfield></datafield><datafield ind1=" " ind2="0" tag="650"><subfield code="a">Art, Japanese</subfield></datafield><datafield ind1=" " ind2="0" tag="650"><subfield code="a">Art, Japanese</subfield><subfield code="y">Heian period, 794-1185</subfield></datafield><datafield ind1=" " ind2="0" tag="650"><subfield code="a">Buddhist art</subfield><subfield code="z">Japan</subfield></datafield><datafield ind1=" " ind2="7" tag="651"><subfield code="a">Japan</subfield><subfield code="2">idszbz</subfield></datafield><datafield ind1=" " ind2=" " tag="690"><subfield code="a">*AB01</subfield><subfield code="d">Japan</subfield><subfield code="2">uzb-UI</subfield></datafield><datafield ind1=" " ind2=" " tag="690"><subfield code="a">530</subfield><subfield code="d">Fine arts - Kunst</subfield><subfield code="2">uzb-UI</subfield></datafield><datafield ind1=" " ind2=" " tag="690"><subfield code="a">532.07</subfield><subfield code="d">Art: iconography - Kunst-Ikonographie</subfield><subfield code="2">uzb-UI</subfield></datafield><datafield ind1=" " ind2=" " tag="690"><subfield code="a">779.022</subfield><subfield code="d">Buddhism - Buddhismus</subfield><subfield code="2">uzb-UI</subfield></datafield><datafield ind1=" " ind2=" " tag="690"><subfield code="a">532.02</subfield><subfield code="d">Sculpture - Skulpturen</subfield><subfield code="2">uzb-UI</subfield></datafield><datafield ind1=" " ind2=" " tag="690"><subfield code="a">031</subfield><subfield code="d">Pictures - Bildmaterial</subfield><subfield code="2">uzb-UI</subfield></datafield><datafield ind1=" " ind2=" " tag="690"><subfield code="a">532.03</subfield><subfield code="d">Painting - Malerei</subfield><subfield code="2">uzb-UI</subfield></datafield><datafield ind1=" " ind2=" " tag="690"><subfield code="a">Japan. Kunst. Allgemein</subfield><subfield code="2">uzb-US</subfield></datafield><datafield ind1=" " ind2=" " tag="690"><subfield code="a">Japan, Kunst, Buddhismus</subfield><subfield code="2">rzh-WB</subfield></datafield><datafield ind1="1" ind2=" " tag="700"><subfield code="a">Sawa, Ryūken</subfield><subfield code="d">1911-1983</subfield><subfield code="0">(DE-588)172354420</subfield></datafield><datafield ind1="1" ind2=" " tag="700"><subfield code="a">Gage, Richard L.</subfield><subfield code="0">(IDREF)069994013</subfield></datafield><datafield ind1=" " ind2=" " tag="830"><subfield code="a">&lt;&lt;The&gt;&gt; Heibonsha survey of Japanese art</subfield><subfield code="v">8</subfield><subfield code="w">(NEBIS)000058732EBI01</subfield></datafield><datafield ind1=" " ind2=" " tag="900"><subfield code="a">REROnoselfmerge</subfield></datafield></record>
</metadata></record>