<record><header><identifier>oai:alma.41SLSP_UGE:991000026419705502</identifier><datestamp>2023-03-01T01:08:52Z</datestamp><setSpec>uge_bcen_RapidILL_BOOK</setSpec><setSpec>uge_aaca_RapidILL_BOOK</setSpec><setSpec>uge_abels_RapidILL_BOOK</setSpec><setSpec>uge_dbu_RapidILL_BOOK</setSpec><setSpec>uge_cmu_RapidILL_BOOK</setSpec><setSpec>uge_mail_RapidILL_BOOK</setSpec><setSpec>UNIGE_ALL</setSpec><setSpec>uge_abbat_RapidILL_BOOK</setSpec><setSpec>uge_aobs_RapidILL_BOOK</setSpec><setSpec>uge_acar_RapidILL_BOOK</setSpec></header><metadata>
<record xmlns="http://www.loc.gov/MARC21/slim" xmlns:xsi="http://www.w3.org/2001/XMLSchema-instance" xsi:schemaLocation="http://www.loc.gov/MARC21/slim http://www.loc.gov/standards/marcxml/schema/MARC21slim.xsd"><leader>02778nam a2200577 c 4500</leader><controlfield tag="001">991000026419705502</controlfield><controlfield tag="005">20201231122341.0</controlfield><controlfield tag="008">201012t19991999sz ||||| |||| 00| ||fre d</controlfield><datafield ind1=" " ind2=" " tag="015"><subfield code="a">99,N04,0456</subfield></datafield><datafield ind1=" " ind2=" " tag="020"><subfield code="a">3764359927</subfield></datafield><datafield ind1="7" ind2=" " tag="024"><subfield code="a">http://catalogue.bnf.fr/ark:/12148/cb37544715z</subfield><subfield code="2">uri</subfield></datafield><datafield ind1=" " ind2=" " tag="035"><subfield code="a">(swissbib)239935403-41slsp_network</subfield></datafield><datafield ind1=" " ind2=" " tag="035"><subfield code="a">239935403</subfield><subfield code="9">ExL</subfield></datafield><datafield ind1=" " ind2=" " tag="035"><subfield code="a">(RERO)R256884060-41slsp</subfield></datafield><datafield ind1=" " ind2=" " tag="035"><subfield code="a">(IDSBB)002010886DSV01</subfield></datafield><datafield ind1=" " ind2=" " tag="035"><subfield code="a">(NEBIS)002035215EBI01</subfield></datafield><datafield ind1=" " ind2=" " tag="035"><subfield code="a">(EXLNZ-41SLSP_NETWORK)991121568409705501</subfield></datafield><datafield ind1=" " ind2=" " tag="040"><subfield code="a">RERO geussm</subfield><subfield code="d">CH-ZuSLS</subfield></datafield><datafield ind1=" " ind2=" " tag="044"><subfield code="a">sz</subfield><subfield code="c">ch-bs</subfield></datafield><datafield ind1=" " ind2="7" tag="072"><subfield code="a">ma</subfield><subfield code="2">rero</subfield></datafield><datafield ind1=" " ind2="7" tag="072"><subfield code="a">mt</subfield><subfield code="2">SzZuIDS BS/BE</subfield></datafield><datafield ind1=" " ind2="7" tag="072"><subfield code="a">py</subfield><subfield code="2">SzZuIDS BS/BE</subfield></datafield><datafield ind1="1" ind2="4" tag="082"><subfield code="a">510</subfield><subfield code="2">15</subfield></datafield><datafield ind1="1" ind2="4" tag="082"><subfield code="a">530</subfield><subfield code="2">15</subfield></datafield><datafield ind1=" " ind2=" " tag="084"><subfield code="a">01.40</subfield><subfield code="2">msc</subfield></datafield><datafield ind1="1" ind2=" " tag="100"><subfield code="a">Poincaré, Henri</subfield><subfield code="d">1854-1912</subfield><subfield code="0">(DE-588)118595407</subfield><subfield code="6">880-01</subfield></datafield><datafield ind1="1" ind2=" " tag="880"><subfield code="6">100-01</subfield><subfield code="a">Poincaré, Henri</subfield><subfield code="d">1854-1912</subfield><subfield code="0">(IDREF)027943585</subfield><subfield code="4">cre</subfield></datafield><datafield ind1="1" ind2="0" tag="245"><subfield code="a">&lt;&lt;La&gt;&gt; correspondance entre Henri Poincaré et Gösta Mittag-Leffler</subfield><subfield code="b">avec en annexes les lettres échangées par Poincaré avec Fredholm, Gyldén et Phragmén</subfield><subfield code="c">présentée et annotée par Philippe Nabonnand</subfield></datafield><datafield ind1=" " ind2="1" tag="264"><subfield code="a">Basel [etc.]</subfield><subfield code="b">Birkhäuser</subfield><subfield code="c">[1999]</subfield></datafield><datafield ind1=" " ind2="4" tag="264"><subfield code="c">©1999</subfield></datafield><datafield ind1=" " ind2=" " tag="300"><subfield code="a">421 p.</subfield><subfield code="c">24 cm</subfield></datafield><datafield ind1=" " ind2=" " tag="336"><subfield code="b">txt</subfield><subfield code="2">rdacontent</subfield></datafield><datafield ind1=" " ind2=" " tag="337"><subfield code="b">n</subfield><subfield code="2">rdamedia</subfield></datafield><datafield ind1=" " ind2=" " tag="338"><subfield code="b">nc</subfield><subfield code="2">rdacarrier</subfield></datafield><datafield ind1="1" ind2=" " tag="490"><subfield code="a">Publications des Archives Henri-Poincaré. Publications of the Henri Poincaré Archives. La correspondance de Henri Poincaré. Collected correspondence of Henri Poincaré</subfield></datafield><datafield ind1="1" ind2="7" tag="600"><subfield code="a">Mittag-Leffler, Magnus Gustaf</subfield><subfield code="d">1846-1927</subfield><subfield code="0">(DE-588)117063347</subfield><subfield code="2">gnd</subfield></datafield><datafield ind1="1" ind2="7" tag="600"><subfield code="a">Poincaré, Henri</subfield><subfield code="d">1854-1912</subfield><subfield code="0">(DE-588)118595407</subfield><subfield code="2">gnd</subfield></datafield><datafield ind1=" " ind2="7" tag="650"><subfield code="a">ASTRONOMIE + ASTROPHYSIK</subfield><subfield code="9">ger</subfield><subfield code="0">(ETHUDK)000013909</subfield><subfield code="2">ethudk</subfield></datafield><datafield ind1=" " ind2="7" tag="650"><subfield code="a">BRIEFE + BRIEFWECHSEL (DOKUMENTENTYP)</subfield><subfield code="9">ger</subfield><subfield code="0">(ETHUDK)000000092</subfield><subfield code="2">ethudk</subfield></datafield><datafield ind1=" " ind2="7" tag="650"><subfield code="a">FRANKREICH (WESTEUROPA). FRANZÖSISCHE REPUBLIK</subfield><subfield code="9">ger</subfield><subfield code="0">(ETHUDK)000003272</subfield><subfield code="2">ethudk</subfield></datafield><datafield ind1=" " ind2="7" tag="650"><subfield code="a">MATHEMATIK</subfield><subfield code="9">ger</subfield><subfield code="0">(ETHUDK)000012462</subfield><subfield code="2">ethudk</subfield></datafield><datafield ind1=" " ind2="7" tag="650"><subfield code="a">PHYSIK</subfield><subfield code="9">ger</subfield><subfield code="0">(ETHUDK)000014226</subfield><subfield code="2">ethudk</subfield></datafield><datafield ind1=" " ind2="7" tag="650"><subfield code="a">SCHWEDEN (NORDEUROPA). KÖNIGREICH SCHWEDEN</subfield><subfield code="9">ger</subfield><subfield code="0">(ETHUDK)000004329</subfield><subfield code="2">ethudk</subfield></datafield><datafield ind1=" " ind2="7" tag="655"><subfield code="a">Briefsammlung</subfield><subfield code="2">gnd-content</subfield></datafield><datafield ind1="1" ind2=" " tag="700"><subfield code="a">Mittag-Leffler, Magnus Gustaf</subfield><subfield code="d">1846-1927</subfield><subfield code="0">(DE-588)117063347</subfield><subfield code="6">880-02</subfield></datafield><datafield ind1="1" ind2=" " tag="880"><subfield code="6">700-02</subfield><subfield code="a">Mittag-Leffler, Gustave</subfield><subfield code="d">1846-1927</subfield><subfield code="0">(IDREF)034847901</subfield></datafield><datafield ind1="1" ind2=" " tag="700"><subfield code="a">Nabonnand, Philippe</subfield><subfield code="d">1953-....</subfield><subfield code="0">(IDREF)050286528</subfield></datafield><datafield ind1="4" ind2=" " tag="856"><subfield code="3">Abstract / Autoreninformation</subfield><subfield code="u">https://toc.library.ethz.ch/objects/pdf/000062893_e01_3764359927_02.pdf</subfield><subfield code="q">pdf</subfield></datafield><datafield ind1=" " ind2=" " tag="830"><subfield code="a">&lt;&lt;La&gt;&gt; correspondance d'Henri Poincaré</subfield><subfield code="v">1</subfield><subfield code="w">(NEBIS)010725793EBI01</subfield></datafield><datafield ind1=" " ind2=" " tag="830"><subfield code="a">Publikationen des Henri-Poincaré-Archivs</subfield><subfield code="w">(RERO)2223642-41slsp</subfield></datafield><datafield ind1="1" ind2=" " tag="800"><subfield code="a">Poincaré, Henri</subfield><subfield code="d">1854-1912</subfield><subfield code="t">&lt;&lt;La&gt;&gt; correspondance de Henri Poincaré</subfield><subfield code="v">1</subfield><subfield code="w">(IDSBB)002010904DSV01</subfield></datafield><datafield ind1=" " ind2=" " tag="900"><subfield code="a">REROnoselfmerge</subfield></datafield></record>
</metadata></record>