<record><header><identifier>oai:alma.41SLSP_UGE:991000026649705502</identifier><datestamp>2023-05-03T00:43:49Z</datestamp><setSpec>uge_bcen_RapidILL_BOOK</setSpec><setSpec>uge_aaca_RapidILL_BOOK</setSpec><setSpec>uge_abels_RapidILL_BOOK</setSpec><setSpec>uge_dbu_RapidILL_BOOK</setSpec><setSpec>uge_cmu_RapidILL_BOOK</setSpec><setSpec>uge_mail_RapidILL_BOOK</setSpec><setSpec>uge_abbat_RapidILL_BOOK</setSpec><setSpec>UNIGE_ALL</setSpec><setSpec>uge_acar_RapidILL_BOOK</setSpec><setSpec>uge_aobs_RapidILL_BOOK</setSpec></header><metadata>
<record xmlns="http://www.loc.gov/MARC21/slim" xmlns:xsi="http://www.w3.org/2001/XMLSchema-instance" xsi:schemaLocation="http://www.loc.gov/MARC21/slim http://www.loc.gov/standards/marcxml/schema/MARC21slim.xsd"><leader>01441nam a2200313 c 4500</leader><controlfield tag="001">991000026649705502</controlfield><controlfield tag="005">20230502185725.0</controlfield><controlfield tag="008">960213s1989    be ||||| |||| 10| ||fre d</controlfield><datafield ind1=" " ind2=" " tag="020"><subfield code="a">9070481898</subfield><subfield code="q">SnoeckDucaju</subfield></datafield><datafield ind1="7" ind2=" " tag="024"><subfield code="a">http://catalogue.bnf.fr/ark:/12148/cb35296973d</subfield><subfield code="2">uri</subfield></datafield><datafield ind1=" " ind2=" " tag="035"><subfield code="a">(swissbib)090905504-41slsp_network</subfield></datafield><datafield ind1=" " ind2=" " tag="035"><subfield code="a">090905504</subfield><subfield code="9">ExL</subfield></datafield><datafield ind1=" " ind2=" " tag="035"><subfield code="a">(RERO)2152797-41slsp</subfield></datafield><datafield ind1=" " ind2=" " tag="035"><subfield code="a">(EXLNZ-41SLSP_NETWORK)991138032539705501</subfield></datafield><datafield ind1=" " ind2=" " tag="040"><subfield code="a">RERO geulha</subfield><subfield code="d">CH-ZuSLS</subfield></datafield><datafield ind1=" " ind2="7" tag="072"><subfield code="a">ba</subfield><subfield code="2">rero</subfield></datafield><datafield ind1="0" ind2="0" tag="245"><subfield code="a">Estampes japonaises</subfield><subfield code="b">collection des Musées royaux d'Art et d'Histoire, Bruxelles: [exposition, Charleroi, Palais des Beaux-Arts, 28 septembre - 10 décembre 1989, dans le cadre du festival Europalia 89 Japan]: [catalogue]</subfield><subfield code="c">[dir. scientifique: Chantal Kozyreff] ; [trad.: Suzy Lanari]</subfield></datafield><datafield ind1=" " ind2="1" tag="264"><subfield code="a">Bruxelles</subfield><subfield code="b">Musées royaux d'Art et d'Histoire</subfield><subfield code="a">[Gand]</subfield><subfield code="b">[Snoeck-Ducaju]</subfield><subfield code="c">1989</subfield></datafield><datafield ind1=" " ind2=" " tag="300"><subfield code="a">221 p., 169 p. de pl. coul.</subfield><subfield code="b">ill.</subfield><subfield code="c">33 cm</subfield></datafield><datafield ind1=" " ind2=" " tag="336"><subfield code="b">txt</subfield><subfield code="2">rdacontent</subfield></datafield><datafield ind1=" " ind2=" " tag="337"><subfield code="b">n</subfield><subfield code="2">rdamedia</subfield></datafield><datafield ind1=" " ind2=" " tag="338"><subfield code="b">nc</subfield><subfield code="2">rdacarrier</subfield></datafield><datafield ind1=" " ind2=" " tag="500"><subfield code="a">Exposition. Charleroi. Palais des beaux-arts. 1989</subfield></datafield><datafield ind1="2" ind2="7" tag="610"><subfield code="a">Musées royaux d'art et d'histoire</subfield><subfield code="g">Bruxelles</subfield><subfield code="0">(IDREF)026592630</subfield><subfield code="2">idref</subfield></datafield><datafield ind1=" " ind2="7" tag="650"><subfield code="a">17e siècle-19e siècle</subfield><subfield code="2">idref</subfield></datafield><datafield ind1=" " ind2="7" tag="650"><subfield code="a">Estampe japonaise</subfield><subfield code="0">(RERO)A021127012</subfield><subfield code="2">rero</subfield></datafield><datafield ind1=" " ind2="7" tag="655"><subfield code="a">Catalogues d'exposition</subfield><subfield code="0">(IDREF)027320456</subfield><subfield code="2">idref</subfield></datafield><datafield ind1="1" ind2=" " tag="700"><subfield code="a">Kozyreff, Chantal</subfield><subfield code="0">(IDREF)026953390</subfield></datafield><datafield ind1="2" ind2=" " tag="711"><subfield code="a">Europalia</subfield><subfield code="d">1989</subfield><subfield code="c">Charleroi</subfield><subfield code="0">(RERO)A012535040</subfield></datafield><datafield ind1=" " ind2=" " tag="900"><subfield code="a">REROnoselfmerge</subfield></datafield><datafield ind1=" " ind2=" " tag="993"><subfield code="a">BFLB 15133</subfield><subfield code="x">ge/ulha/a/96</subfield><subfield code="9">LOCAL</subfield></datafield></record>
</metadata></record>