<record><header><identifier>oai:alma.41SLSP_UGE:991000025709705502</identifier><datestamp>2023-03-01T01:08:52Z</datestamp><setSpec>uge_bcen_RapidILL_BOOK</setSpec><setSpec>uge_aaca_RapidILL_BOOK</setSpec><setSpec>uge_abels_RapidILL_BOOK</setSpec><setSpec>uge_dbu_RapidILL_BOOK</setSpec><setSpec>uge_cmu_RapidILL_BOOK</setSpec><setSpec>uge_mail_RapidILL_BOOK</setSpec><setSpec>UNIGE_ALL</setSpec><setSpec>uge_abbat_RapidILL_BOOK</setSpec><setSpec>uge_aobs_RapidILL_BOOK</setSpec><setSpec>uge_acar_RapidILL_BOOK</setSpec></header><metadata>
<record xmlns="http://www.loc.gov/MARC21/slim" xmlns:xsi="http://www.w3.org/2001/XMLSchema-instance" xsi:schemaLocation="http://www.loc.gov/MARC21/slim http://www.loc.gov/standards/marcxml/schema/MARC21slim.xsd"><leader>01436nam a22003852c 4500</leader><controlfield tag="001">991000025709705502</controlfield><controlfield tag="005">20201229222852.0</controlfield><controlfield tag="008">201011s1925    gw            00| | ger|d</controlfield><datafield ind1=" " ind2=" " tag="019"><subfield code="a">Konversion Swissbase-Aleph, Infothek SBB</subfield><subfield code="5">IDSBB/12.06.2002 SBB</subfield></datafield><datafield ind1=" " ind2=" " tag="019"><subfield code="a">SPI Retro 832699</subfield></datafield><datafield ind1=" " ind2=" " tag="035"><subfield code="a">(swissbib)211096202-41slsp_network</subfield></datafield><datafield ind1=" " ind2=" " tag="035"><subfield code="a">211096202</subfield><subfield code="9">ExL</subfield></datafield><datafield ind1=" " ind2=" " tag="035"><subfield code="a">(IDSBB)002578596DSV01</subfield></datafield><datafield ind1=" " ind2=" " tag="035"><subfield code="a">(RERO)0969487-41slsp</subfield></datafield><datafield ind1=" " ind2=" " tag="035"><subfield code="a">(IDSBB)000004395DSV01</subfield></datafield><datafield ind1=" " ind2=" " tag="035"><subfield code="a">(NEBIS)002204448EBI01</subfield></datafield><datafield ind1=" " ind2=" " tag="035"><subfield code="a">(EXLNZ-41SLSP_NETWORK)991084615929705501</subfield></datafield><datafield ind1=" " ind2=" " tag="040"><subfield code="a">SzZuIDS BS/BE B424</subfield><subfield code="e">kids</subfield><subfield code="d">CH-ZuSLS</subfield></datafield><datafield ind1=" " ind2=" " tag="044"><subfield code="a">gw</subfield><subfield code="a">at</subfield></datafield><datafield ind1=" " ind2="7" tag="072"><subfield code="a">st</subfield><subfield code="2">rero</subfield></datafield><datafield ind1=" " ind2="7" tag="072"><subfield code="a">ge</subfield><subfield code="2">SzZuIDS BS/BE</subfield></datafield><datafield ind1="0" ind2="4" tag="082"><subfield code="a">620</subfield></datafield><datafield ind1="1" ind2=" " tag="100"><subfield code="a">Terzaghi, Karl</subfield><subfield code="d">1883-1963</subfield><subfield code="0">(DE-588)118756494</subfield><subfield code="6">880-01</subfield></datafield><datafield ind1="1" ind2=" " tag="880"><subfield code="6">100-01</subfield><subfield code="a">Terzaghi, Karl</subfield><subfield code="d">1883-1963</subfield><subfield code="0">(IDREF)034628460</subfield><subfield code="4">cre</subfield></datafield><datafield ind1="1" ind2="0" tag="245"><subfield code="a">Erdbaumechanik auf bodenphysikalischer Grundlage</subfield><subfield code="c">Karl Terzaghi</subfield></datafield><datafield ind1=" " ind2="1" tag="264"><subfield code="a">Leipzig</subfield><subfield code="b">Deuticke</subfield><subfield code="c">1925</subfield></datafield><datafield ind1=" " ind2=" " tag="300"><subfield code="a">XV, 399 p.</subfield><subfield code="b">ill.</subfield><subfield code="c">25 cm</subfield></datafield><datafield ind1=" " ind2=" " tag="336"><subfield code="b">txt</subfield><subfield code="2">rdacontent</subfield></datafield><datafield ind1=" " ind2=" " tag="337"><subfield code="b">n</subfield><subfield code="2">rdamedia</subfield></datafield><datafield ind1=" " ind2=" " tag="338"><subfield code="b">nc</subfield><subfield code="2">rdacarrier</subfield></datafield><datafield ind1=" " ind2=" " tag="520"><subfield code="a">Die Beschaffenheit des Bodens - Die Reibungskräfte im Boden - Die Festigkeitseigenschaften der Böden - Die hydrodynamischen Spannungserscheinungen - Statik des Bodens - Der Boden als Baugrund</subfield></datafield><datafield ind1=" " ind2="7" tag="650"><subfield code="a">Bodenmechanik</subfield><subfield code="0">(DE-588)4007385-3</subfield><subfield code="2">gnd</subfield></datafield><datafield ind1=" " ind2="7" tag="650"><subfield code="a">Erdbau</subfield><subfield code="0">(DE-588)4015133-5</subfield><subfield code="2">gnd</subfield></datafield><datafield ind1=" " ind2=" " tag="900"><subfield code="a">REROnoselfmerge</subfield></datafield><datafield ind1=" " ind2=" " tag="900"><subfield code="a">IDSBBnoselfmerge</subfield></datafield><datafield ind1=" " ind2=" " tag="900"><subfield code="a">IDSERSPIdummy</subfield></datafield></record>
</metadata></record>