<record><header><identifier>oai:alma.41SLSP_UGE:991000026439705502</identifier><datestamp>2024-10-26T00:13:00Z</datestamp><setSpec>uge_bcen_RapidILL_BOOK</setSpec><setSpec>uge_aaca_RapidILL_BOOK</setSpec><setSpec>uge_abels_RapidILL_BOOK</setSpec><setSpec>uge_dbu_RapidILL_BOOK</setSpec><setSpec>uge_cmu_RapidILL_BOOK</setSpec><setSpec>uge_mail_RapidILL_BOOK</setSpec><setSpec>uge_abbat_RapidILL_BOOK</setSpec><setSpec>UNIGE_ALL</setSpec><setSpec>uge_acar_RapidILL_BOOK</setSpec><setSpec>uge_aobs_RapidILL_BOOK</setSpec></header><metadata>
<record xmlns="http://www.loc.gov/MARC21/slim" xmlns:xsi="http://www.w3.org/2001/XMLSchema-instance" xsi:schemaLocation="http://www.loc.gov/MARC21/slim http://www.loc.gov/standards/marcxml/schema/MARC21slim.xsd"><leader>04927nam a22007697c 4500</leader><controlfield tag="001">991000026439705502</controlfield><controlfield tag="005">20230702065741.0</controlfield><controlfield tag="008">201011t20062006xxu||||| |||| 00| ||eng d</controlfield><datafield ind1=" " ind2=" " tag="010"><subfield code="a">2006012839</subfield></datafield><datafield ind1=" " ind2=" " tag="020"><subfield code="a">0268022909</subfield><subfield code="q">alk. paper</subfield></datafield><datafield ind1=" " ind2=" " tag="020"><subfield code="a">9780268022907</subfield><subfield code="q">alk. paper</subfield></datafield><datafield ind1="7" ind2=" " tag="024"><subfield code="a">http://catalogue.bnf.fr/ark:/12148/cb40934919h</subfield><subfield code="2">uri</subfield></datafield><datafield ind1=" " ind2=" " tag="035"><subfield code="a">(swissbib)214675122-41slsp_network</subfield></datafield><datafield ind1=" " ind2=" " tag="035"><subfield code="a">214675122</subfield><subfield code="9">ExL</subfield></datafield><datafield ind1=" " ind2=" " tag="035"><subfield code="a">(RERO)R004353514-41slsp</subfield></datafield><datafield ind1=" " ind2=" " tag="035"><subfield code="a">(IDSSG)000469944HSB01</subfield></datafield><datafield ind1=" " ind2=" " tag="035"><subfield code="a">(NEBIS)005163310EBI01</subfield></datafield><datafield ind1=" " ind2=" " tag="035"><subfield code="a">(IDSBB)004014349DSV01</subfield></datafield><datafield ind1=" " ind2=" " tag="035"><subfield code="a">(OCoLC)68132919</subfield></datafield><datafield ind1=" " ind2=" " tag="035"><subfield code="a">(EXLNZ-41SLSP_NETWORK)991015728049705501</subfield></datafield><datafield ind1=" " ind2=" " tag="040"><subfield code="a">RERO geulan</subfield><subfield code="d">CH-ZuSLS</subfield></datafield><datafield ind1=" " ind2=" " tag="050"><subfield code="a">PS153.P87</subfield><subfield code="b">C65 2006</subfield></datafield><datafield ind1=" " ind2="7" tag="072"><subfield code="a">an</subfield><subfield code="2">rero</subfield></datafield><datafield ind1=" " ind2="7" tag="072"><subfield code="a">le</subfield><subfield code="2">SzZuIDS BS/BE</subfield></datafield><datafield ind1="0" ind2="4" tag="082"><subfield code="a">810.9 001</subfield><subfield code="2">22</subfield></datafield><datafield ind1="0" ind2="4" tag="082"><subfield code="a">810.9/001</subfield><subfield code="2">22</subfield></datafield><datafield ind1=" " ind2=" " tag="084"><subfield code="a">HS 1721</subfield><subfield code="2">rvk</subfield></datafield><datafield ind1="1" ind2=" " tag="100"><subfield code="6">880-01</subfield><subfield code="a">Colacurcio, Michael J.</subfield><subfield code="0">(IDREF)035565969</subfield><subfield code="4">cre</subfield></datafield><datafield ind1="1" ind2=" " tag="880"><subfield code="6">100-01/(B</subfield><subfield code="a">Colacurcio, Michael J.</subfield><subfield code="d">1936-</subfield><subfield code="4">aut</subfield><subfield code="0">(DE-588)133623564</subfield></datafield><datafield ind1="1" ind2="0" tag="245"><subfield code="a">Godly letters</subfield><subfield code="b">the literature of the American Puritans</subfield><subfield code="c">Michael J. Colacurcio</subfield></datafield><datafield ind1=" " ind2="1" tag="264"><subfield code="a">Notre Dame</subfield><subfield code="b">University of Notre Dame Press</subfield><subfield code="c">[2006]</subfield></datafield><datafield ind1=" " ind2="4" tag="264"><subfield code="c">© 2006</subfield></datafield><datafield ind1=" " ind2=" " tag="300"><subfield code="a">650 p.</subfield><subfield code="c">24 cm</subfield></datafield><datafield ind1=" " ind2=" " tag="336"><subfield code="b">txt</subfield><subfield code="2">rdacontent</subfield></datafield><datafield ind1=" " ind2=" " tag="337"><subfield code="b">n</subfield><subfield code="2">rdamedia</subfield></datafield><datafield ind1=" " ind2=" " tag="338"><subfield code="b">nc</subfield><subfield code="2">rdacarrier</subfield></datafield><datafield ind1=" " ind2=" " tag="504"><subfield code="a">Includes bibliographical references (p. 576-633) and index</subfield></datafield><datafield ind1="0" ind2=" " tag="505"><subfield code="a">A costly Canaan : Morton and the margins of American literature -- Advancing the gospel, dividing the church : design and vision in Bradford's Plymouth -- &quot;A strange poise of spirit&quot; : the life and deaths of Thomas Shepard -- The charter and the &quot;model&quot; : writing Winthrop's holy state -- Doubt's venture, faith's call : Shepard's activist Calvinism -- Regeneration through violence : Hooker and the morale of preparation -- Primitive comfort : the spiritual witness of John Cotton -- Wives and lovers : reaction and the gender of Puritanism -- Marching orders : Johnson's summary syntax -- Government in exile : Williams and the decay of dialogue -- Epilogue: &quot;God's altar&quot; : the fall to poetry</subfield></datafield><datafield ind1=" " ind2="7" tag="648"><subfield code="a">Geschichte 1600-1650</subfield><subfield code="2">gnd</subfield></datafield><datafield ind1=" " ind2="7" tag="650"><subfield code="a">Puritains</subfield><subfield code="0">(IDREF)027431657</subfield><subfield code="2">idref</subfield></datafield><datafield ind1=" " ind2="7" tag="650"><subfield code="a">17e siècle</subfield><subfield code="0">(IDREF)027794040</subfield><subfield code="2">idref</subfield></datafield><datafield ind1=" " ind2="7" tag="650"><subfield code="a">puritains - influence exercée</subfield><subfield code="0">(RERO)A010137322</subfield><subfield code="2">rerovoc</subfield></datafield><datafield ind1=" " ind2="7" tag="650"><subfield code="a">Vie intellectuelle</subfield><subfield code="0">(IDREF)027255670</subfield><subfield code="2">idref</subfield></datafield><datafield ind1=" " ind2="7" tag="650"><subfield code="a">Littérature américaine</subfield><subfield code="0">(IDREF)027257843</subfield><subfield code="2">idref</subfield></datafield><datafield ind1=" " ind2="7" tag="650"><subfield code="a">Literatur</subfield><subfield code="0">(DE-588)4035964-5</subfield><subfield code="2">gnd</subfield></datafield><datafield ind1=" " ind2="7" tag="650"><subfield code="a">Puritaner</subfield><subfield code="0">(DE-588)4318444-3</subfield><subfield code="2">gnd</subfield></datafield><datafield ind1=" " ind2="7" tag="650"><subfield code="a">American literature</subfield><subfield code="z">New England</subfield><subfield code="x">History and criticism</subfield><subfield code="2">idszbzna</subfield></datafield><datafield ind1=" " ind2="7" tag="650"><subfield code="a">Christian literature, American</subfield><subfield code="x">History and criticism</subfield><subfield code="2">idszbzna</subfield></datafield><datafield ind1=" " ind2="7" tag="650"><subfield code="a">Puritans</subfield><subfield code="z">New England</subfield><subfield code="x">Intellectual life</subfield><subfield code="2">idszbzna</subfield></datafield><datafield ind1=" " ind2="7" tag="650"><subfield code="a">American literature</subfield><subfield code="x">Puritan authors</subfield><subfield code="x">History and criticism</subfield><subfield code="2">idszbzna</subfield></datafield><datafield ind1=" " ind2="7" tag="650"><subfield code="a">American literature</subfield><subfield code="y">Colonial period, ca. 1600-1775</subfield><subfield code="x">History and criticism</subfield><subfield code="2">idszbzna</subfield></datafield><datafield ind1=" " ind2="0" tag="650"><subfield code="a">American literature</subfield><subfield code="x">Puritan authors</subfield><subfield code="x">History and criticism</subfield></datafield><datafield ind1=" " ind2="0" tag="650"><subfield code="a">American literature</subfield><subfield code="y">Colonial period, ca. 1600-1775</subfield><subfield code="x">History and criticism</subfield></datafield><datafield ind1=" " ind2="0" tag="650"><subfield code="a">American literature</subfield><subfield code="z">New England</subfield><subfield code="x">History and criticism</subfield></datafield><datafield ind1=" " ind2="0" tag="650"><subfield code="a">Christian literature, American</subfield><subfield code="x">History and criticism</subfield></datafield><datafield ind1=" " ind2="0" tag="650"><subfield code="a">Puritans</subfield><subfield code="z">New England</subfield><subfield code="x">Intellectual life</subfield></datafield><datafield ind1=" " ind2="7" tag="650"><subfield code="a">Literatur</subfield><subfield code="z">USA</subfield><subfield code="x">Puritaner</subfield><subfield code="2">idsbb</subfield></datafield><datafield ind1=" " ind2="7" tag="650"><subfield code="a">Puritaner</subfield><subfield code="x">Literatur</subfield><subfield code="z">USA</subfield><subfield code="2">idsbb</subfield></datafield><datafield ind1=" " ind2="7" tag="651"><subfield code="a">Nouvelle Angleterre (États-Unis)</subfield><subfield code="0">(IDREF)137783345</subfield><subfield code="2">idref</subfield></datafield><datafield ind1=" " ind2="7" tag="651"><subfield code="a">USA</subfield><subfield code="0">(DE-588)4078704-7</subfield><subfield code="2">gnd</subfield></datafield><datafield ind1=" " ind2=" " tag="690"><subfield code="a">Protestantismus; Charta; Exil; Flechte; Gewalt; Kontext; Altar; Bradford; Cotton; Johnson; Literatur; Konzeption; Lehre; Reaktion; Aktivität; Dialog; Entwurf; Ethik; Geschlecht; Komfort; Tod; Zerfall; Zweifel; Index; Regierung; Revision; Syntax; Trennung; Anruf; Aufzeichnung; Gospel; Gott; Kind; Kirche; Schreiben; Staat; Welt; Frauen; Geist</subfield><subfield code="2">idssg-J</subfield></datafield><datafield ind1=" " ind2=" " tag="690"><subfield code="a">Trennungslinie</subfield><subfield code="2">idssg-J</subfield></datafield><datafield ind1=" " ind2=" " tag="690"><subfield code="a">amerikanische Literatur; aufrichtig Convert; elftes Kapitel; heiliges Kind; heiliger Staat; kostspielig Canaan; primitiver Komfort; spiritueller Kontext; spirituelles Zeug; viertes Kapitel</subfield><subfield code="2">idssg-J</subfield></datafield><datafield ind1=" " ind2=" " tag="690"><subfield code="a">Indiana C1USA; England C4EUUK; Großbritannien C4EUUK; Welt C00WOR</subfield><subfield code="2">idssg-J</subfield></datafield><datafield ind1=" " ind2=" " tag="690"><subfield code="a">Bradford; COLACURCIO University of Notre; Calvinismus Calvinist Aktivität; elft Kapitel Gottes Altar; Godly Letters PROLOGUE; Gott Altar; John Cotton; Kind of Violence Hammering; Mann Winthrop Wife; Marching Orders Johnson Syntax; Model Schreiben Winthrop; Morton; Of Violence Hammering; Poetry Aufzeichnungen Index; Puritanismus Shepards Virgins Frau; Strange Poise; Suffer the Words; Thomas Shepard Viertes Kapitel; Williams; Zweifel Venture Faith Anruf Shepards Activist</subfield><subfield code="2">idssg-J</subfield></datafield><datafield ind1="4" ind2=" " tag="856"><subfield code="u">https://tools.unisg.ch/url/hm00242162</subfield><subfield code="z">Inhaltsverzeichnis</subfield></datafield><datafield ind1=" " ind2=" " tag="900"><subfield code="a">IDSZ2zbzmon200612e</subfield><subfield code="c">IDSZ2proc</subfield><subfield code="d">IDSZ2zbzswk200612b</subfield><subfield code="e">IDSZ2mahe</subfield></datafield><datafield ind1=" " ind2=" " tag="949"><subfield code="a">https://tools.unisg.ch/url/hm00242162</subfield></datafield></record>
</metadata></record>