<record><header><identifier>oai:alma.41SLSP_UGE:991000025809705502</identifier><datestamp>2023-05-03T00:58:41Z</datestamp><setSpec>uge_bcen_RapidILL_BOOK</setSpec><setSpec>uge_aaca_RapidILL_BOOK</setSpec><setSpec>uge_abels_RapidILL_BOOK</setSpec><setSpec>uge_dbu_RapidILL_BOOK</setSpec><setSpec>uge_cmu_RapidILL_BOOK</setSpec><setSpec>uge_mail_RapidILL_BOOK</setSpec><setSpec>uge_abbat_RapidILL_BOOK</setSpec><setSpec>UNIGE_ALL</setSpec><setSpec>uge_aobs_RapidILL_BOOK</setSpec><setSpec>uge_acar_RapidILL_BOOK</setSpec></header><metadata>
<record xmlns="http://www.loc.gov/MARC21/slim" xmlns:xsi="http://www.w3.org/2001/XMLSchema-instance" xsi:schemaLocation="http://www.loc.gov/MARC21/slim http://www.loc.gov/standards/marcxml/schema/MARC21slim.xsd"><leader>03202nam a2200373 c 4500</leader><controlfield tag="001">991000025809705502</controlfield><controlfield tag="005">20230502200936.0</controlfield><controlfield tag="008">980826s1996    ru ||||| |||| 00| ||rus d</controlfield><datafield ind1=" " ind2=" " tag="020"><subfield code="z">586280221</subfield></datafield><datafield ind1=" " ind2=" " tag="035"><subfield code="a">(swissbib)093568282-41slsp_network</subfield></datafield><datafield ind1=" " ind2=" " tag="035"><subfield code="a">093568282</subfield><subfield code="9">ExL</subfield></datafield><datafield ind1=" " ind2=" " tag="035"><subfield code="a">(RERO)R235191260-41slsp</subfield></datafield><datafield ind1=" " ind2=" " tag="035"><subfield code="a">(EXLNZ-41SLSP_NETWORK)991084755139705501</subfield></datafield><datafield ind1=" " ind2=" " tag="040"><subfield code="a">RERO geulru</subfield><subfield code="d">CH-ZuSLS</subfield></datafield><datafield ind1=" " ind2="7" tag="072"><subfield code="a">ru</subfield><subfield code="2">rero</subfield></datafield><datafield ind1="0" ind2="0" tag="245"><subfield code="6">880-01</subfield><subfield code="a">Istorii︠a︡ Rossii [v 14-ti tomakh i 3-kh prilozhenii︠a︡kh]</subfield><subfield code="c">T. 2</subfield><subfield code="p">Russkie zemli v XIII-XV vekakh / I.B. Grekov, F.F. Shakhmagonov</subfield></datafield><datafield ind1="0" ind2="0" tag="880"><subfield code="6">245-01/(N</subfield><subfield code="a">История России [в 14-ти томах и 3-х приложениях]</subfield><subfield code="c">Т. 2</subfield><subfield code="p">Русские земли в XIII-XV веках / И.Б. Греков, Ф.Ф. Шахмагонов</subfield></datafield><datafield ind1="1" ind2=" " tag="246"><subfield code="a">Istorija Rossii [v 14-ti tomach i 3-ch priloženijach]</subfield><subfield code="n">T. 2</subfield><subfield code="p">Russkie zemli v XIII-XV vekach / I.B. Grekov, F.F. Šachmagonov</subfield></datafield><datafield ind1=" " ind2="1" tag="264"><subfield code="6">880-02</subfield><subfield code="a">Moskva</subfield><subfield code="b">Šik [etc.]</subfield><subfield code="c">1996</subfield></datafield><datafield ind1=" " ind2="1" tag="880"><subfield code="6">264-02/(N</subfield><subfield code="a">Москва</subfield><subfield code="b">Шик [etc.]</subfield><subfield code="c">1996</subfield></datafield><datafield ind1=" " ind2=" " tag="300"><subfield code="a">318 p.</subfield><subfield code="b">ill.</subfield><subfield code="c">21 cm</subfield></datafield><datafield ind1=" " ind2=" " tag="336"><subfield code="b">txt</subfield><subfield code="2">rdacontent</subfield></datafield><datafield ind1=" " ind2=" " tag="337"><subfield code="b">n</subfield><subfield code="2">rdamedia</subfield></datafield><datafield ind1=" " ind2=" " tag="338"><subfield code="b">nc</subfield><subfield code="2">rdacarrier</subfield></datafield><datafield ind1=" " ind2="7" tag="650"><subfield code="a">13e siècle-15e siècle</subfield><subfield code="2">idref</subfield></datafield><datafield ind1=" " ind2="7" tag="651"><subfield code="a">Russie</subfield><subfield code="0">(IDREF)027342395</subfield><subfield code="2">idref</subfield></datafield><datafield ind1="1" ind2=" " tag="700"><subfield code="a">Grekov, Igorʹ Borisovich</subfield></datafield><datafield ind1="1" ind2=" " tag="700"><subfield code="a">Shakhmagonov, Fedor Fedorovich</subfield></datafield><datafield ind1="1" ind2="2" tag="700"><subfield code="6">880-03</subfield><subfield code="a">Grekov, Igorʹ Borisovich</subfield><subfield code="t">Russkie zemli v XIII-XV vekakh</subfield></datafield><datafield ind1="1" ind2="2" tag="880"><subfield code="6">700-03/(N</subfield><subfield code="a">Греков, Игорь Борисович</subfield><subfield code="t">Русские земли в XIII-XV веках</subfield></datafield><datafield ind1="1" ind2="2" tag="700"><subfield code="6">880-04</subfield><subfield code="a">Shakhmagonov, Fedor Fedorovich</subfield><subfield code="t">Russkie zemli v XIII-XV vekakh</subfield></datafield><datafield ind1="1" ind2="2" tag="880"><subfield code="6">700-04/(N</subfield><subfield code="a">Шахмагонов, Федор Федорович</subfield><subfield code="t">Русские земли в XIII-XV веках</subfield></datafield><datafield ind1=" " ind2=" " tag="830"><subfield code="6">880-05</subfield><subfield code="a">Istorii︠a︡ Rossii [v 14-ti tomakh i 3-kh prilozhenii︠a︡kh]</subfield><subfield code="v">2</subfield><subfield code="w">(RERO)R235037060-41slsp</subfield></datafield><datafield ind1=" " ind2="0" tag="880"><subfield code="6">830-05/(N</subfield><subfield code="a">История России [в 14-ти томах и 3-х приложениях]</subfield><subfield code="v">2</subfield></datafield><datafield ind1=" " ind2=" " tag="900"><subfield code="a">REROnoselfmerge</subfield></datafield></record>
</metadata></record>