<record><header><identifier>oai:alma.41SLSP_UGE:991000026329705502</identifier><datestamp>2023-03-01T01:08:52Z</datestamp><setSpec>uge_bcen_RapidILL_BOOK</setSpec><setSpec>uge_aaca_RapidILL_BOOK</setSpec><setSpec>uge_abels_RapidILL_BOOK</setSpec><setSpec>uge_dbu_RapidILL_BOOK</setSpec><setSpec>uge_cmu_RapidILL_BOOK</setSpec><setSpec>uge_mail_RapidILL_BOOK</setSpec><setSpec>UNIGE_ALL</setSpec><setSpec>uge_abbat_RapidILL_BOOK</setSpec><setSpec>uge_aobs_RapidILL_BOOK</setSpec><setSpec>uge_acar_RapidILL_BOOK</setSpec></header><metadata>
<record xmlns="http://www.loc.gov/MARC21/slim" xmlns:xsi="http://www.w3.org/2001/XMLSchema-instance" xsi:schemaLocation="http://www.loc.gov/MARC21/slim http://www.loc.gov/standards/marcxml/schema/MARC21slim.xsd"><leader>01554nam a22004817c 4500</leader><controlfield tag="001">991000026329705502</controlfield><controlfield tag="005">20201222222213.0</controlfield><controlfield tag="008">201012t19911991xx ||||| |||| 00| ||eng d</controlfield><datafield ind1=" " ind2=" " tag="020"><subfield code="a">0130584967</subfield></datafield><datafield ind1="7" ind2=" " tag="024"><subfield code="a">http://catalogue.bnf.fr/ark:/12148/cb36961690p</subfield><subfield code="2">uri</subfield></datafield><datafield ind1=" " ind2=" " tag="035"><subfield code="a">(swissbib)235803715-41slsp_network</subfield></datafield><datafield ind1=" " ind2=" " tag="035"><subfield code="a">235803715</subfield><subfield code="9">ExL</subfield></datafield><datafield ind1=" " ind2=" " tag="035"><subfield code="a">(RERO)R006021809-41slsp</subfield></datafield><datafield ind1=" " ind2=" " tag="035"><subfield code="a">(NEBIS)001140726EBI01</subfield></datafield><datafield ind1=" " ind2=" " tag="035"><subfield code="a">(EXLNZ-41SLSP_NETWORK)991079809129705501</subfield></datafield><datafield ind1=" " ind2=" " tag="040"><subfield code="a">RERO geulmu</subfield><subfield code="d">CH-ZuSLS</subfield></datafield><datafield ind1=" " ind2="7" tag="072"><subfield code="a">mu</subfield><subfield code="2">rero</subfield></datafield><datafield ind1="0" ind2="0" tag="082"><subfield code="a">780/.9/032</subfield><subfield code="2">20</subfield></datafield><datafield ind1="1" ind2=" " tag="100"><subfield code="a">Palisca, Claude Victor</subfield><subfield code="d">1921-2001</subfield><subfield code="0">(IDREF)029227747</subfield><subfield code="4">cre</subfield></datafield><datafield ind1="1" ind2="0" tag="245"><subfield code="a">Baroque music</subfield><subfield code="c">Claude V. Palisca</subfield></datafield><datafield ind1=" " ind2=" " tag="250"><subfield code="a">3rd ed.</subfield></datafield><datafield ind1=" " ind2="1" tag="264"><subfield code="a">New Jersey</subfield><subfield code="b">Prentice-Hall</subfield><subfield code="c">[1991]</subfield></datafield><datafield ind1=" " ind2="4" tag="264"><subfield code="c">© 1991</subfield></datafield><datafield ind1=" " ind2=" " tag="300"><subfield code="a">XI, 356 S.</subfield><subfield code="b">Ill., Noten</subfield></datafield><datafield ind1=" " ind2=" " tag="336"><subfield code="b">txt</subfield><subfield code="2">rdacontent</subfield></datafield><datafield ind1=" " ind2=" " tag="337"><subfield code="b">n</subfield><subfield code="2">rdamedia</subfield></datafield><datafield ind1=" " ind2=" " tag="338"><subfield code="b">nc</subfield><subfield code="2">rdacarrier</subfield></datafield><datafield ind1="0" ind2=" " tag="490"><subfield code="a">Prentice Hall History of music series</subfield></datafield><datafield ind1=" " ind2=" " tag="504"><subfield code="a">Literaturverz.</subfield></datafield><datafield ind1=" " ind2="7" tag="648"><subfield code="a">Geschichte 1600-1750</subfield><subfield code="2">gnd</subfield></datafield><datafield ind1=" " ind2="7" tag="648"><subfield code="a">Geschichte 1550-1600</subfield><subfield code="2">idszbz</subfield></datafield><datafield ind1=" " ind2="7" tag="648"><subfield code="a">Geschichte 1580-1760</subfield><subfield code="2">idszbz</subfield></datafield><datafield ind1=" " ind2="7" tag="648"><subfield code="a">Geschichte 1600-1700</subfield><subfield code="2">idszbz</subfield></datafield><datafield ind1=" " ind2="7" tag="648"><subfield code="a">Geschichte 1700-1800</subfield><subfield code="2">idszbz</subfield></datafield><datafield ind1=" " ind2="7" tag="650"><subfield code="a">Barock</subfield><subfield code="0">(DE-588)4004541-9</subfield><subfield code="2">gnd</subfield></datafield><datafield ind1=" " ind2="7" tag="650"><subfield code="a">Musik</subfield><subfield code="0">(DE-588)4040802-4</subfield><subfield code="2">gnd</subfield></datafield><datafield ind1=" " ind2="7" tag="650"><subfield code="a">Musik</subfield><subfield code="2">idszbz</subfield></datafield><datafield ind1=" " ind2="0" tag="650"><subfield code="a">Alm</subfield></datafield><datafield ind1=" " ind2="0" tag="650"><subfield code="a">Music</subfield><subfield code="y">17th century</subfield><subfield code="x">History and criticism</subfield></datafield><datafield ind1=" " ind2="0" tag="650"><subfield code="a">Music</subfield><subfield code="y">18th century</subfield><subfield code="x">History and criticism</subfield></datafield><datafield ind1=" " ind2=" " tag="690"><subfield code="a">Barock</subfield><subfield code="2">uzb-UV</subfield></datafield><datafield ind1=" " ind2=" " tag="690"><subfield code="a">Musikgeschichte</subfield><subfield code="2">uzb-UV</subfield></datafield><datafield ind1=" " ind2=" " tag="690"><subfield code="a">Gattungsgeschichte</subfield><subfield code="2">uzb-UV</subfield></datafield><datafield ind1=" " ind2=" " tag="900"><subfield code="a">REROnoselfmerge</subfield></datafield><datafield ind1=" " ind2=" " tag="960"><subfield code="2">matmu</subfield><subfield code="a">Bach, Johann Sebastian ; Byrd, William ; Purcell, Henry ; Praetorius ; Lully ; Buxtehude...</subfield><subfield code="9">LOCAL</subfield></datafield><datafield ind1=" " ind2=" " tag="960"><subfield code="2">matmu</subfield><subfield code="a">Italie ; France ; Allemagne ; Angleterre ;Baroque ; Style récitatif ; Concertos ; Musique sacrée ; Luth ; Cantates ; Oratorios ; Sonates ; Sinfonia ; Clavecin ; Orgue</subfield><subfield code="9">LOCAL</subfield></datafield></record>
</metadata></record>