<record><header><identifier>oai:alma.41SLSP_UGE:991000026539705502</identifier><datestamp>2023-03-01T01:08:52Z</datestamp><setSpec>UNIGE_ALL</setSpec></header><metadata>
<record xmlns="http://www.loc.gov/MARC21/slim" xmlns:xsi="http://www.w3.org/2001/XMLSchema-instance" xsi:schemaLocation="http://www.loc.gov/MARC21/slim http://www.loc.gov/standards/marcxml/schema/MARC21slim.xsd"><leader>01424njm a2200325 c 4500</leader><controlfield tag="001">991000026539705502</controlfield><controlfield tag="005">20210819152923.0</controlfield><controlfield tag="007">sd#f||g|||||||</controlfield><controlfield tag="008">140314s2001    xx ||n |            und d</controlfield><datafield ind1=" " ind2=" " tag="035"><subfield code="a">(swissbib)119360268-41slsp_network</subfield></datafield><datafield ind1=" " ind2=" " tag="035"><subfield code="a">119360268</subfield><subfield code="9">ExL</subfield></datafield><datafield ind1=" " ind2=" " tag="035"><subfield code="a">(RERO)R007677377-41slsp</subfield></datafield><datafield ind1=" " ind2=" " tag="035"><subfield code="a">(EXLNZ-41SLSP_NETWORK)991002244569705501</subfield></datafield><datafield ind1=" " ind2=" " tag="040"><subfield code="a">RERO geulmu</subfield><subfield code="d">CH-ZuSLS</subfield></datafield><datafield ind1=" " ind2=" " tag="044"><subfield code="a">sz</subfield><subfield code="c">ch-ge</subfield></datafield><datafield ind1=" " ind2="7" tag="072"><subfield code="a">mu</subfield><subfield code="2">rero</subfield></datafield><datafield ind1="1" ind2=" " tag="100"><subfield code="a">Chostakovitch, Dimitri Dimitrievitch</subfield><subfield code="d">1906-1975</subfield><subfield code="0">(IDREF)026788136</subfield><subfield code="4">cre</subfield></datafield><datafield ind1="1" ind2="0" tag="245"><subfield code="a">Symphonie no 13 dite &quot;Babi Yar&quot;</subfield><subfield code="b">pour basse, choeur de basses et orchestre, en si bémol mineur, op. 113</subfield><subfield code="c">Dimitri Chostakovitch</subfield></datafield><datafield ind1=" " ind2="1" tag="264"><subfield code="a">[Lieu de publication non identifié]</subfield><subfield code="b">[éditeur non identifié]</subfield><subfield code="c">2001</subfield></datafield><datafield ind1=" " ind2=" " tag="300"><subfield code="a">1 disque compact</subfield></datafield><datafield ind1=" " ind2=" " tag="336"><subfield code="b">prm</subfield><subfield code="2">rdacontent</subfield></datafield><datafield ind1=" " ind2=" " tag="337"><subfield code="b">s</subfield><subfield code="2">rdamedia</subfield></datafield><datafield ind1=" " ind2=" " tag="338"><subfield code="b">sd</subfield><subfield code="2">rdacarrier</subfield></datafield><datafield ind1="0" ind2=" " tag="511"><subfield code="a">Armin Jordan, G. Tourniaire (direction) ; Albert Dohmen (basse) ; Choeur du Grand Théâtre de Genève ; Orchestre de la Suisse romande</subfield></datafield><datafield ind1="1" ind2="2" tag="700"><subfield code="a">Shostakovich, Dmitriĭ Dmitrievich</subfield><subfield code="t">Symphonies.</subfield><subfield code="m">Orchestre.</subfield><subfield code="r">Op. 113, si♭ mineur, no 13</subfield></datafield><datafield ind1="1" ind2=" " tag="700"><subfield code="a">Jordan, Armin</subfield><subfield code="d">1932-2006</subfield><subfield code="0">(IDREF)080565999</subfield></datafield><datafield ind1="1" ind2=" " tag="700"><subfield code="a">Dohmen, Albert</subfield><subfield code="d">1955-....</subfield><subfield code="0">(IDREF)07052596X</subfield></datafield><datafield ind1="1" ind2=" " tag="700"><subfield code="a">Tourniaire, Guillaume</subfield><subfield code="d">19..-....</subfield><subfield code="0">(IDREF)087933322</subfield></datafield><datafield ind1="2" ind2=" " tag="710"><subfield code="a">Orchestre de la Suisse Romande</subfield><subfield code="g">Genève</subfield><subfield code="0">(IDREF)05018959X</subfield></datafield><datafield ind1="2" ind2=" " tag="710"><subfield code="a">Grand Théâtre</subfield><subfield code="g">Genève</subfield><subfield code="b">Choeurs</subfield><subfield code="0">(IDREF)094538905</subfield></datafield><datafield ind1=" " ind2=" " tag="900"><subfield code="a">REROnoselfmerge</subfield></datafield></record>
</metadata></record>