<record><header><identifier>oai:alma.41SLSP_UGE:991000026639705502</identifier><datestamp>2023-03-01T01:08:52Z</datestamp><setSpec>uge_bcen_RapidILL_BOOK</setSpec><setSpec>uge_aaca_RapidILL_BOOK</setSpec><setSpec>uge_abels_RapidILL_BOOK</setSpec><setSpec>uge_dbu_RapidILL_BOOK</setSpec><setSpec>uge_cmu_RapidILL_BOOK</setSpec><setSpec>uge_mail_RapidILL_BOOK</setSpec><setSpec>UNIGE_ALL</setSpec><setSpec>uge_abbat_RapidILL_BOOK</setSpec><setSpec>uge_aobs_RapidILL_BOOK</setSpec><setSpec>uge_acar_RapidILL_BOOK</setSpec></header><metadata>
<record xmlns="http://www.loc.gov/MARC21/slim" xmlns:xsi="http://www.w3.org/2001/XMLSchema-instance" xsi:schemaLocation="http://www.loc.gov/MARC21/slim http://www.loc.gov/standards/marcxml/schema/MARC21slim.xsd"><leader>01860nam a2200493 c 4500</leader><controlfield tag="001">991000026639705502</controlfield><controlfield tag="005">20201231131440.0</controlfield><controlfield tag="008">201012s2004    gw ||||| |||| 00| ||ger d</controlfield><datafield ind1=" " ind2=" " tag="015"><subfield code="a">GFR-CIP-04,N12,1583</subfield><subfield code="a">DNB-04,A29,1466</subfield></datafield><datafield ind1="7" ind2=" " tag="016"><subfield code="a">970321279</subfield><subfield code="2">GyFmDB</subfield></datafield><datafield ind1=" " ind2=" " tag="020"><subfield code="a">9783402026175</subfield><subfield code="q">kart.</subfield></datafield><datafield ind1=" " ind2=" " tag="020"><subfield code="a">3402026171</subfield><subfield code="q">kart.</subfield><subfield code="c">EUR 19.80, sfr 34.80</subfield></datafield><datafield ind1="0" ind2="2" tag="028"><subfield code="a">02617</subfield></datafield><datafield ind1=" " ind2=" " tag="035"><subfield code="a">(swissbib)234281774-41slsp_network</subfield></datafield><datafield ind1=" " ind2=" " tag="035"><subfield code="a">234281774</subfield><subfield code="9">ExL</subfield></datafield><datafield ind1=" " ind2=" " tag="035"><subfield code="a">(RERO)R007117495-41slsp</subfield></datafield><datafield ind1=" " ind2=" " tag="035"><subfield code="a">(NEBIS)004777125EBI01</subfield></datafield><datafield ind1=" " ind2=" " tag="035"><subfield code="a">(IDSLU)000374796ILU01</subfield></datafield><datafield ind1=" " ind2=" " tag="035"><subfield code="a">(DDB)970321279</subfield></datafield><datafield ind1=" " ind2=" " tag="035"><subfield code="a">(EXLNZ-41SLSP_NETWORK)991076547609705501</subfield></datafield><datafield ind1=" " ind2=" " tag="040"><subfield code="a">GyGoGBV</subfield><subfield code="d">CH-ZuSLS</subfield></datafield><datafield ind1=" " ind2="7" tag="072"><subfield code="a">ha</subfield><subfield code="2">rero</subfield></datafield><datafield ind1=" " ind2="7" tag="072"><subfield code="a">620</subfield><subfield code="2">IDS LU</subfield></datafield><datafield ind1=" " ind2="7" tag="072"><subfield code="a">450</subfield><subfield code="2">IDS LU</subfield></datafield><datafield ind1="0" ind2="4" tag="082"><subfield code="a">910</subfield></datafield><datafield ind1="1" ind2=" " tag="100"><subfield code="a">Müller, Armin</subfield><subfield code="c">historien</subfield><subfield code="0">(RERO)A012342681</subfield><subfield code="4">cre</subfield></datafield><datafield ind1="1" ind2="0" tag="245"><subfield code="a">Was die Säulen nicht mehr selber sagen</subfield><subfield code="b">ein Kultur-Reiseführer für Anspruchsvolle : Athen, Attika und benachbarte Inseln</subfield><subfield code="c">Armin Müller</subfield></datafield><datafield ind1=" " ind2="1" tag="264"><subfield code="a">Münster</subfield><subfield code="b">Aschendorff</subfield><subfield code="c">2004</subfield></datafield><datafield ind1=" " ind2=" " tag="300"><subfield code="a">304 S</subfield><subfield code="b">zahlr. ill., graph. Darst., Kt</subfield><subfield code="c">22 cm.</subfield></datafield><datafield ind1=" " ind2=" " tag="336"><subfield code="b">txt</subfield><subfield code="2">rdacontent</subfield></datafield><datafield ind1=" " ind2=" " tag="337"><subfield code="b">n</subfield><subfield code="2">rdamedia</subfield></datafield><datafield ind1=" " ind2=" " tag="338"><subfield code="b">nc</subfield><subfield code="2">rdacarrier</subfield></datafield><datafield ind1=" " ind2=" " tag="500"><subfield code="a">Literaturverz. S. 282 - 285</subfield></datafield><datafield ind1=" " ind2=" " tag="504"><subfield code="a">Literaturverz. S. 282 - 285</subfield></datafield><datafield ind1=" " ind2="7" tag="650"><subfield code="a">Kultur</subfield><subfield code="2">idszbz</subfield></datafield><datafield ind1=" " ind2="7" tag="650"><subfield code="a">Baudenkmal</subfield><subfield code="0">(DE-588)4004973-5</subfield><subfield code="2">gnd</subfield></datafield><datafield ind1=" " ind2="7" tag="650"><subfield code="a">Kultur</subfield><subfield code="0">(DE-588)4125698-0</subfield><subfield code="2">gnd</subfield></datafield><datafield ind1=" " ind2="7" tag="651"><subfield code="a">Griechenland</subfield><subfield code="2">idszbz</subfield></datafield><datafield ind1=" " ind2="7" tag="651"><subfield code="a">Griechenland</subfield><subfield code="0">(DE-588)4022047-3</subfield><subfield code="2">gnd</subfield></datafield><datafield ind1=" " ind2="7" tag="655"><subfield code="a">Führer</subfield><subfield code="2">gnd-content</subfield></datafield><datafield ind1="4" ind2="2" tag="856"><subfield code="u">http://bvbr.bib-bvb.de:8991/F?func=service&amp;doc_library=BVB01&amp;doc_number=016515097&amp;line_number=0001&amp;func_code=DB_RECORDS&amp;service_type=MEDIA</subfield></datafield><datafield ind1="4" ind2="2" tag="856"><subfield code="u">http://d-nb.info/970321279/04</subfield></datafield><datafield ind1=" " ind2=" " tag="900"><subfield code="a">REROnoselfmerge</subfield></datafield><datafield ind1=" " ind2=" " tag="900"><subfield code="a">IDSZ2zbzmon200410f</subfield><subfield code="c">IDSZ2suse</subfield><subfield code="d">IDSZ2zbzswk200411b</subfield><subfield code="e">IDSZ2hang</subfield></datafield><datafield ind1=" " ind2=" " tag="910"><subfield code="a">OCoLC</subfield><subfield code="b">20120808</subfield><subfield code="c">Droits réservés</subfield></datafield></record>
</metadata></record>