<record><header><identifier>oai:alma.41SLSP_UGE:991000025929705502</identifier><datestamp>2024-04-11T00:19:15Z</datestamp><setSpec>uge_bcen_RapidILL_BOOK</setSpec><setSpec>uge_aaca_RapidILL_BOOK</setSpec><setSpec>uge_abels_RapidILL_BOOK</setSpec><setSpec>uge_dbu_RapidILL_BOOK</setSpec><setSpec>uge_cmu_RapidILL_BOOK</setSpec><setSpec>uge_mail_RapidILL_BOOK</setSpec><setSpec>uge_abbat_RapidILL_BOOK</setSpec><setSpec>UNIGE_ALL</setSpec><setSpec>uge_aobs_RapidILL_BOOK</setSpec><setSpec>uge_acar_RapidILL_BOOK</setSpec></header><metadata>
<record xmlns="http://www.loc.gov/MARC21/slim" xmlns:xsi="http://www.w3.org/2001/XMLSchema-instance" xsi:schemaLocation="http://www.loc.gov/MARC21/slim http://www.loc.gov/standards/marcxml/schema/MARC21slim.xsd"><leader>08919nam a2200997 c 4500</leader><controlfield tag="001">991000025929705502</controlfield><controlfield tag="005">20240410141206.0</controlfield><controlfield tag="008">201011s2009    gw ||||| |||| 00| ||ger d</controlfield><datafield ind1=" " ind2=" " tag="015"><subfield code="a">GFR-DNB-09,N35,0784</subfield></datafield><datafield ind1="7" ind2=" " tag="016"><subfield code="a">995822980</subfield><subfield code="2">GyFmDB</subfield></datafield><datafield ind1=" " ind2=" " tag="020"><subfield code="a">9783725559329</subfield><subfield code="q">Schulthess</subfield></datafield><datafield ind1=" " ind2=" " tag="020"><subfield code="a">9783415043497</subfield><subfield code="q">Boorberg</subfield><subfield code="q">pbk.</subfield><subfield code="c">EUR 36.00, sfr 58.50 (freier Pr.)</subfield></datafield><datafield ind1=" " ind2=" " tag="035"><subfield code="a">(swissbib)214633489-41slsp_network</subfield></datafield><datafield ind1=" " ind2=" " tag="035"><subfield code="a">214633489</subfield><subfield code="9">ExL</subfield></datafield><datafield ind1=" " ind2=" " tag="035"><subfield code="a">(RERO)R005376158-41slsp</subfield></datafield><datafield ind1=" " ind2=" " tag="035"><subfield code="a">(NEBIS)005936406EBI01</subfield></datafield><datafield ind1=" " ind2=" " tag="035"><subfield code="a">(IDSBB)004983978DSV01</subfield></datafield><datafield ind1=" " ind2=" " tag="035"><subfield code="a">(IDSSG)000502045HSB01</subfield></datafield><datafield ind1=" " ind2=" " tag="035"><subfield code="a">(IDSLU)000708565ILU01</subfield></datafield><datafield ind1=" " ind2=" " tag="035"><subfield code="a">(EXLNZ-41SLSP_NETWORK)991024780739705501</subfield></datafield><datafield ind1=" " ind2=" " tag="040"><subfield code="a">RERO frbcuc</subfield><subfield code="d">CH-ZuSLS</subfield></datafield><datafield ind1=" " ind2=" " tag="044"><subfield code="a">sz</subfield><subfield code="c">ch-zh</subfield></datafield><datafield ind1=" " ind2="7" tag="072"><subfield code="a">dr</subfield><subfield code="2">rero</subfield></datafield><datafield ind1=" " ind2="7" tag="072"><subfield code="a">rw</subfield><subfield code="2">SzZuIDS BS/BE</subfield></datafield><datafield ind1=" " ind2="7" tag="072"><subfield code="a">841</subfield><subfield code="2">IDS LU</subfield></datafield><datafield ind1="0" ind2="4" tag="082"><subfield code="a">344.099</subfield><subfield code="2">22/ger</subfield></datafield><datafield ind1="1" ind2="4" tag="082"><subfield code="a">340</subfield><subfield code="2">15</subfield></datafield><datafield ind1=" " ind2=" " tag="084"><subfield code="a">A 61.2 h</subfield><subfield code="2">cjurrom</subfield></datafield><datafield ind1=" " ind2=" " tag="084"><subfield code="a">D 37.2 h</subfield><subfield code="2">cjurrom</subfield></datafield><datafield ind1=" " ind2=" " tag="084"><subfield code="a">PD 3180</subfield><subfield code="2">rvk</subfield></datafield><datafield ind1=" " ind2=" " tag="084"><subfield code="a">ZX 7100</subfield><subfield code="2">rvk</subfield></datafield><datafield ind1="1" ind2=" " tag="100"><subfield code="a">Schleiter, Pieter</subfield><subfield code="0">(RERO)A017383463</subfield><subfield code="4">cre</subfield></datafield><datafield ind1="1" ind2="0" tag="245"><subfield code="a">Globalisierung im Sport</subfield><subfield code="b">Realisierungswege einer harmonisierten internationalen Sportrechtsordnung</subfield><subfield code="c">von Pieter Schleiter</subfield></datafield><datafield ind1=" " ind2="1" tag="264"><subfield code="a">Stuttgart [etc.]</subfield><subfield code="b">Boorberg</subfield><subfield code="a">Zürich</subfield><subfield code="b">Schulthess</subfield><subfield code="c">2009</subfield></datafield><datafield ind1=" " ind2=" " tag="300"><subfield code="a">251 S.</subfield><subfield code="c">21 cm</subfield></datafield><datafield ind1=" " ind2=" " tag="336"><subfield code="b">txt</subfield><subfield code="2">rdacontent</subfield></datafield><datafield ind1=" " ind2=" " tag="337"><subfield code="b">n</subfield><subfield code="2">rdamedia</subfield></datafield><datafield ind1=" " ind2=" " tag="338"><subfield code="b">nc</subfield><subfield code="2">rdacarrier</subfield></datafield><datafield ind1="1" ind2=" " tag="490"><subfield code="a">Schriftenreihe Causa Sport</subfield><subfield code="v">Bd. 2</subfield></datafield><datafield ind1=" " ind2=" " tag="500"><subfield code="a">Ed. commerciale de la thèse de Bayreuth, 2009</subfield></datafield><datafield ind1=" " ind2=" " tag="502"><subfield code="a">Diss. Univ. Bayreuth, 2009</subfield></datafield><datafield ind1=" " ind2=" " tag="504"><subfield code="a">Bibliogr.</subfield></datafield><datafield ind1=" " ind2="7" tag="650"><subfield code="a">Sport</subfield><subfield code="9">ger</subfield><subfield code="0">(RERO)jurivoc000020677ger</subfield><subfield code="2">jurivoc</subfield></datafield><datafield ind1=" " ind2="7" tag="650"><subfield code="a">Globalisierung</subfield><subfield code="9">ger</subfield><subfield code="0">(RERO)jurivoc000010220ger</subfield><subfield code="2">jurivoc</subfield></datafield><datafield ind1=" " ind2="7" tag="650"><subfield code="a">Berufssport</subfield><subfield code="9">ger</subfield><subfield code="0">(RERO)jurivoc000003356ger</subfield><subfield code="2">jurivoc</subfield></datafield><datafield ind1=" " ind2="7" tag="650"><subfield code="a">Sportverein</subfield><subfield code="9">ger</subfield><subfield code="0">(RERO)jurivoc000020706ger</subfield><subfield code="2">jurivoc</subfield></datafield><datafield ind1=" " ind2="7" tag="650"><subfield code="a">Rechtsvereinheitlichung</subfield><subfield code="9">ger</subfield><subfield code="0">(RERO)jurivoc000018478ger</subfield><subfield code="2">jurivoc</subfield></datafield><datafield ind1=" " ind2="7" tag="650"><subfield code="a">international</subfield><subfield code="9">ger</subfield><subfield code="0">(RERO)jurivoc000011874ger</subfield><subfield code="2">jurivoc</subfield></datafield><datafield ind1=" " ind2="7" tag="650"><subfield code="a">Schiedsgerichtsbarkeit</subfield><subfield code="9">ger</subfield><subfield code="0">(RERO)jurivoc000019511ger</subfield><subfield code="2">jurivoc</subfield></datafield><datafield ind1=" " ind2="7" tag="650"><subfield code="a">internationales Privatrecht</subfield><subfield code="9">ger</subfield><subfield code="0">(RERO)jurivoc000011981ger</subfield><subfield code="2">jurivoc</subfield></datafield><datafield ind1=" " ind2="7" tag="650"><subfield code="a">Empfehlung einer internationalen Organisation</subfield><subfield code="9">ger</subfield><subfield code="0">(RERO)jurivoc000006839ger</subfield><subfield code="2">jurivoc</subfield></datafield><datafield ind1=" " ind2="7" tag="650"><subfield code="a">Verhältnis zwischen</subfield><subfield code="9">ger</subfield><subfield code="0">(RERO)jurivoc000024525ger</subfield><subfield code="2">jurivoc</subfield></datafield><datafield ind1=" " ind2="7" tag="650"><subfield code="a">Droit international</subfield><subfield code="0">(IDREF)050627597</subfield><subfield code="2">idref</subfield></datafield><datafield ind1=" " ind2="7" tag="650"><subfield code="a">Mondialisation</subfield><subfield code="0">(IDREF)03500407X</subfield><subfield code="2">idref</subfield></datafield><datafield ind1=" " ind2="7" tag="650"><subfield code="a">Sports</subfield><subfield code="0">(IDREF)027654702</subfield><subfield code="2">idref</subfield></datafield><datafield ind1=" " ind2="7" tag="650"><subfield code="a">Sport</subfield><subfield code="2">idszbz</subfield></datafield><datafield ind1=" " ind2="7" tag="650"><subfield code="a">Globalisierung</subfield><subfield code="2">idszbz</subfield></datafield><datafield ind1=" " ind2="7" tag="650"><subfield code="a">Sportrecht</subfield><subfield code="2">idszbz</subfield></datafield><datafield ind1=" " ind2="0" tag="650"><subfield code="a">Sports</subfield><subfield code="x">Law and legislation</subfield><subfield code="x">International cooperation</subfield></datafield><datafield ind1=" " ind2="7" tag="650"><subfield code="a">Sportrecht</subfield><subfield code="0">(DE-588)4077700-5</subfield><subfield code="2">gnd</subfield></datafield><datafield ind1=" " ind2="7" tag="650"><subfield code="a">Sportrecht</subfield><subfield code="x">Harmonisierung</subfield><subfield code="2">idsbb</subfield></datafield><datafield ind1=" " ind2="7" tag="650"><subfield code="a">Sportrecht</subfield><subfield code="x">Internationales Recht</subfield><subfield code="2">idsbb</subfield></datafield><datafield ind1=" " ind2="7" tag="650"><subfield code="a">Internationale Schiedsgerichtsbarkeit</subfield><subfield code="0">(DE-588)4162055-0</subfield><subfield code="2">gnd</subfield></datafield><datafield ind1=" " ind2="7" tag="650"><subfield code="a">Sport</subfield><subfield code="0">(DE-588)4056366-2</subfield><subfield code="2">gnd</subfield></datafield><datafield ind1=" " ind2="7" tag="650"><subfield code="a">Globalisierung</subfield><subfield code="0">(DE-588)4557997-0</subfield><subfield code="2">gnd</subfield></datafield><datafield ind1=" " ind2="7" tag="650"><subfield code="a">Internationales Sportrecht</subfield><subfield code="0">(DE-588)4195441-5</subfield><subfield code="2">gnd</subfield></datafield><datafield ind1=" " ind2="7" tag="651"><subfield code="a">Deutschland</subfield><subfield code="9">ger</subfield><subfield code="0">(RERO)jurivoc000005510ger</subfield><subfield code="2">jurivoc</subfield></datafield><datafield ind1=" " ind2="7" tag="651"><subfield code="a">Schweiz</subfield><subfield code="9">ger</subfield><subfield code="0">(RERO)jurivoc000019912ger</subfield><subfield code="2">jurivoc</subfield></datafield><datafield ind1=" " ind2="7" tag="655"><subfield code="a">Hochschulschrift</subfield><subfield code="2">gnd-content</subfield></datafield><datafield ind1=" " ind2=" " tag="690"><subfield code="a">Vertragsrecht; Kartellrecht; Menschenrechte; Bundesgesetz; Völkerrecht; Konkordat; Verbandsrecht; Zivilprozessrecht; Gesetzbuch; Arbeitsrecht; Arbitration; Autonomie; Entscheidung; Invalidenversicherung; Kriterium; Theorie; Einheit; Freiheit; Regelung</subfield><subfield code="2">idssg-J</subfield></datafield><datafield ind1=" " ind2=" " tag="690"><subfield code="a">Einheitsrecht; Rechtsetzungsautonomie; Schiedsvereinbarung; Befugnisübertragung; Parteiautonomie; Regelungsdichte; Völkerrechtssubjektivität; Rechtsanwendung; Ungleichbehandlung; Deliktsstatut; Gesellschaftsstatut; Gleichheitsprinzip; Gründungsrechtstheorie; Menschenrechtskonvention; Rechtswahlklausel; Rom-I-Verordnung; Rom-II-Verordnung; Sachrecht; Schiedsverfassungsrecht; Sitztheorie; Verbandsstatut; Vertragsstatut; Grundüberlegung; Interaktionseinheit; Kenntnismöglichkeit; Lösungsmöglichkeit; Normakzeptanz; Normenhierarchie; Problemstellung; Rahmenbedingung; Rechtssicherheit; Rechtsunsicherheit; Rechtswahlfreiheit; Rechtswahlmöglichkeit; Schiedsfähigkeit; Sportorganisation; Verhandlungsstärke; Vorsorgemöglichkeit; Widerspruchsfreiheit; Zwangsmöglichkeit; Begriffsklärung; Billigkeitsentscheidung; Eingriffsbeschränkung; Rechtsentscheidung; Sportförderung; Zwischenbilanz; Grundhaltung; Rechtsfortbildung; Selbstregelungsbefugnis; Sonderanknüpfung; Sportrechtsordnung; Typuserfassung; Verhaltenssteuerung; Vertragsrechtsübereinkommen; Abkürzungsverzeichnis; Anwendungsbereich; Arbeitsrechtssache; Arbeitssache; Einzelfrage; Einzelpunkt; Gesellschaftsbegriff; Grundvoraussetzung; Hauptgrund; Hauptsache; Instanzenzug; Kartellrechtssache; Kartellsache; Körbuch; Literaturverzeichnis; Normensystem; Normgeber; Optimierungsbedarf; Problemfeld; Prozesskostenhilfefond; Realisierungsweg; Regelungsdefizit; Regelungsrahmen; Regelwerk; Revisionsinstanz; Schiedsort; Schieiter; Staatsvolk; Stellungnahme; Stichwortverzeichnis; Streitentscheidungsmechanismus; Streitgegenstand; Zivilgesetzbuch; Zwischenergebnis</subfield><subfield code="2">idssg-J</subfield></datafield><datafield ind1=" " ind2=" " tag="690"><subfield code="a">paralleler Rechtsschutz; träges Recht; Newe Yorker konvention; adäquates Maß; akzessorische Anknüpfung; allgemeiner Anwendungsbereich; allgemeine Geltung; allgemeine Institution; allgemeines Problem; angestrebte Harmonisierung; ausgleichende Gerechtigkeit; ausländischer Schiedsspruch; autoritäre Entscheidung; bundeseinheitlich Zivilprozessordnung; doppelte Beschränkung; dritte Säule; eigenverantwortlicher Grund; einheitliche Eingriffsbeschränkung; einheitliche Gerichtsbarkeit; einheitlicher Normgeber; einstweiliger Rechtsschutz; einzig Reälisierungsweg; entscheidendes Kriterium; entwickeltes Prinzip; erste Säule; europäische Menschenrechtskonvention; europäisches Vertragsrechtsübereinkommen; europäisches Zivilgesetzbuch; fehlende Normakzeptanz; fragmentarischer Charakter; funktionaler Gesellschaftsbegriff; fünfter Maxime; gewohnheitsrechtlicher Ansatz; grundlegende Eigenschaft; harmonisierte Rechtsanwendung; hinreichende Befugnisübertragung; hohe Regelungsdichte; innere Verbundenheit; internationales Einheitsrecht; international Lex; internationale Regierungsorganisation; internationaler Sport; internationale Sportorganisation; internationale Sportrechtsordnung; kollisionsrechtliche Verweisung; kumulative Realisierung; liberal Lex; liberale Rechtswahlmöglichkeit; mangelnde Schiedsfähigkeit; monopolistisch-hierarchische Struktur; mögliches Dilemma; mögliche Quelle; notwendige Rechtsfortbildung; optionales Instrument; problematischer Bereich; rechtsgestaltender Ansatz; rechtsphilosophische Begründung; rechtssoziologische Begründung; rechtstheoretische Grundvoraussetzung; schiedsfreundliche Grundhaltung; schweizerisches Bundesgericht; schweizerisches Bundesgesetz; schweizerisch Lex; schweizerisches Sachrecht; schweizerische Schiedsgerichtsbarkeit; schweizerisches Schiedsverfassungsrecht; sonstiges Kriterium; sportspezifisches Beispiel; sportspezifisches Problem</subfield><subfield code="2">idssg-J</subfield></datafield><datafield ind1=" " ind2=" " tag="690"><subfield code="a">; staatliches Gericht; staatliche Gerichtsbarkeit; staatliche Rechtsordnung; theoretische Herleitung; transnationales Unternehmen; ungleiche Verhandlungsstärke; unterstützende Organisation; unzureichende Sportförderung; verbleibende Möglichkeit; vierter Maxime; völkerrechtliches Recht; weiterer Einzelpunkt; weiterer Grund; weitere Konzeption; weiteres Kriterium; weitere Rahmenbedingung; weitreichende Gewährung; zusammenfassend Vorschlagkatalpg; zweite Säule; ökonomische Begründung</subfield><subfield code="2">idssg-J</subfield></datafield><datafield ind1=" " ind2=" " tag="690"><subfield code="a">Schweiz C4EXSI; Vereinigte Staaten C1USA; Italien C4EUIT</subfield><subfield code="2">idssg-J</subfield></datafield><datafield ind1=" " ind2=" " tag="690"><subfield code="a">allgemein Institutionen Regelwerke; B. Erforderlichkeit; B. Gesellschaften; C. Vollstieckbarkeit; Court of; D. Geltung; E. Folgerungen; europäisch Vertragsrechtsübereinkommen Art.; G. Ergebnis; New South Wales Court; OORBERG Schulthess; Principles Lando; Sullivan Ors; Teil Internationales Einheitsrecht; Teil Rechtsgestaltender Ansatz; Teubner Fischer-</subfield><subfield code="2">idssg-J</subfield></datafield><datafield ind1=" " ind2=" " tag="691"><subfield code="e">PC 61.2</subfield><subfield code="2">rzs-L1</subfield></datafield><datafield ind1=" " ind2=" " tag="691"><subfield code="e">PC 18.2</subfield><subfield code="2">rzs-L1</subfield></datafield><datafield ind1=" " ind2=" " tag="690"><subfield code="a">Droit - Sport - [Thèse]</subfield><subfield code="2">EHSM_f</subfield></datafield><datafield ind1=" " ind2=" " tag="690"><subfield code="a">Sportrecht - [Dissertation]</subfield><subfield code="2">EHSM_d</subfield></datafield><datafield ind1="4" ind2=" " tag="856"><subfield code="3">Titelblatt und Inhaltsverzeichnis</subfield><subfield code="u">https://toc.library.ethz.ch/objects/pdf/z01_978-3-415-04349-7_01.pdf</subfield><subfield code="q">pdf</subfield></datafield><datafield ind1=" " ind2="0" tag="830"><subfield code="a">Schriftenreihe Causa Sport</subfield><subfield code="v">2</subfield><subfield code="w">(IDSSG)000517407HSB01</subfield></datafield><datafield ind1=" " ind2="0" tag="830"><subfield code="a">Schriftenreihe Causa Sport</subfield><subfield code="v">2</subfield><subfield code="w">(IDSBB)004974925DSV01</subfield></datafield><datafield ind1=" " ind2="0" tag="830"><subfield code="a">Schriftenreihe Causa Sport</subfield><subfield code="v">2</subfield><subfield code="w">(NEBIS)005842559EBI01</subfield></datafield><datafield ind1=" " ind2=" " tag="900"><subfield code="a">IDSZ1ZH</subfield></datafield><datafield ind1=" " ind2=" " tag="900"><subfield code="a">IDSZ2rwimon200912p</subfield><subfield code="c">IDSZ2buche 091216</subfield><subfield code="d">IDSZ2rwiswk201007u</subfield></datafield><datafield ind1=" " ind2=" " tag="900"><subfield code="a">IDSZ2zbzmon200912l</subfield><subfield code="c">IDSZ2haff</subfield><subfield code="d">IDSZ2zbzswk200912b</subfield><subfield code="e">IDSZ2hang</subfield></datafield><datafield ind1=" " ind2=" " tag="949"><subfield code="a">https://toc.library.ethz.ch/objects/pdf/z01_978-3-415-04349-7_01.pdf</subfield></datafield></record>
</metadata></record>