<record><header><identifier>oai:alma.41SLSP_UGE:991000003919705502</identifier><datestamp>2023-03-01T01:08:52Z</datestamp><setSpec>uge_bcen_RapidILL_BOOK</setSpec><setSpec>uge_aaca_RapidILL_BOOK</setSpec><setSpec>uge_abels_RapidILL_BOOK</setSpec><setSpec>uge_dbu_RapidILL_BOOK</setSpec><setSpec>uge_cmu_RapidILL_BOOK</setSpec><setSpec>uge_mail_RapidILL_BOOK</setSpec><setSpec>UNIGE_ALL</setSpec><setSpec>uge_abbat_RapidILL_BOOK</setSpec><setSpec>uge_acar_RapidILL_BOOK</setSpec><setSpec>uge_aobs_RapidILL_BOOK</setSpec></header><metadata>
<record xmlns="http://www.loc.gov/MARC21/slim" xmlns:xsi="http://www.w3.org/2001/XMLSchema-instance" xsi:schemaLocation="http://www.loc.gov/MARC21/slim http://www.loc.gov/standards/marcxml/schema/MARC21slim.xsd"><leader>00931nam a2200289 c 4500</leader><controlfield tag="001">991000003919705502</controlfield><controlfield tag="005">20230127213306.0</controlfield><controlfield tag="008">890509s1988    it ||||| |||| 00| ||ita d</controlfield><datafield ind1=" " ind2=" " tag="020"><subfield code="a">8814015708</subfield></datafield><datafield ind1=" " ind2=" " tag="035"><subfield code="a">(swissbib)083744037-41slsp_network</subfield></datafield><datafield ind1=" " ind2=" " tag="035"><subfield code="a">083744037</subfield><subfield code="9">ExL</subfield></datafield><datafield ind1=" " ind2=" " tag="035"><subfield code="a">(RERO)1109766-41slsp</subfield></datafield><datafield ind1=" " ind2=" " tag="035"><subfield code="a">(EXLNZ-41SLSP_NETWORK)991051636059705501</subfield></datafield><datafield ind1=" " ind2=" " tag="040"><subfield code="a">RERO geubfd</subfield><subfield code="d">CH-ZuSLS</subfield></datafield><datafield ind1=" " ind2="7" tag="072"><subfield code="a">dr</subfield><subfield code="2">rero</subfield></datafield><datafield ind1=" " ind2=" " tag="084"><subfield code="a">CA/I 15.1 g QUAD</subfield><subfield code="2">cjurrom</subfield></datafield><datafield ind1=" " ind2=" " tag="084"><subfield code="a">D 10.1 g QUAD</subfield><subfield code="2">cjurrom</subfield></datafield><datafield ind1=" " ind2=" " tag="084"><subfield code="a">CA/I 34 g</subfield><subfield code="2">cjurrom</subfield></datafield><datafield ind1="1" ind2=" " tag="100"><subfield code="a">Quadri, Rolando</subfield><subfield code="d">1907-1976</subfield><subfield code="0">(IDREF)03289418X</subfield><subfield code="4">cre</subfield></datafield><datafield ind1="1" ind2="0" tag="245"><subfield code="a">Scritti giuridici</subfield><subfield code="c">Rolando Quadri.</subfield><subfield code="n">1</subfield><subfield code="p">Diritto internazionale pubblico</subfield></datafield><datafield ind1=" " ind2="1" tag="264"><subfield code="a">Milano</subfield><subfield code="b">A. Giuffrè</subfield><subfield code="c">1988</subfield></datafield><datafield ind1=" " ind2=" " tag="300"><subfield code="a">IV, 844 p.</subfield><subfield code="c">25 cm</subfield></datafield><datafield ind1=" " ind2=" " tag="336"><subfield code="b">txt</subfield><subfield code="2">rdacontent</subfield></datafield><datafield ind1=" " ind2=" " tag="337"><subfield code="b">n</subfield><subfield code="2">rdamedia</subfield></datafield><datafield ind1=" " ind2=" " tag="338"><subfield code="b">nc</subfield><subfield code="2">rdacarrier</subfield></datafield><datafield ind1=" " ind2="7" tag="650"><subfield code="a">Droit international</subfield><subfield code="0">(IDREF)050627597</subfield><subfield code="2">idref</subfield></datafield><datafield ind1="1" ind2=" " tag="800"><subfield code="a">Quadri, Rolando</subfield><subfield code="t">Scritti giuridici</subfield><subfield code="v">1</subfield></datafield><datafield ind1=" " ind2=" " tag="900"><subfield code="a">REROnoselfmerge</subfield></datafield></record>
</metadata></record>