<record><header><identifier>oai:alma.41SLSP_UGE:991000003189705502</identifier><datestamp>2024-06-28T00:08:56Z</datestamp><setSpec>uge_bcen_RapidILL_BOOK</setSpec><setSpec>uge_aaca_RapidILL_BOOK</setSpec><setSpec>uge_abels_RapidILL_BOOK</setSpec><setSpec>uge_dbu_RapidILL_BOOK</setSpec><setSpec>uge_cmu_RapidILL_BOOK</setSpec><setSpec>uge_mail_RapidILL_BOOK</setSpec><setSpec>uge_abbat_RapidILL_BOOK</setSpec><setSpec>UNIGE_ALL</setSpec><setSpec>uge_aobs_RapidILL_BOOK</setSpec><setSpec>uge_acar_RapidILL_BOOK</setSpec></header><metadata>
<record xmlns="http://www.loc.gov/MARC21/slim" xmlns:xsi="http://www.w3.org/2001/XMLSchema-instance" xsi:schemaLocation="http://www.loc.gov/MARC21/slim http://www.loc.gov/standards/marcxml/schema/MARC21slim.xsd"><leader>02230nam a2200601 c 4500</leader><controlfield tag="001">991000003189705502</controlfield><controlfield tag="005">20240627115220.0</controlfield><controlfield tag="008">201011s2003    xxu||||| |||| 00| ||eng d</controlfield><datafield ind1=" " ind2=" " tag="010"><subfield code="a">2003041369</subfield></datafield><datafield ind1=" " ind2=" " tag="020"><subfield code="a">1588261182</subfield></datafield><datafield ind1=" " ind2=" " tag="035"><subfield code="a">(swissbib)225740850-41slsp_network</subfield></datafield><datafield ind1=" " ind2=" " tag="035"><subfield code="a">225740850</subfield><subfield code="9">ExL</subfield></datafield><datafield ind1=" " ind2=" " tag="035"><subfield code="a">(RERO)R003784854-41slsp</subfield></datafield><datafield ind1=" " ind2=" " tag="035"><subfield code="a">(NEBIS)004500681EBI01</subfield></datafield><datafield ind1=" " ind2=" " tag="035"><subfield code="a">(IDSBB)002928763DSV01</subfield></datafield><datafield ind1=" " ind2=" " tag="035"><subfield code="a">(EXLNZ-41SLSP_NETWORK)991006311139705501</subfield></datafield><datafield ind1=" " ind2=" " tag="040"><subfield code="a">RERO geuieg</subfield><subfield code="d">CH-ZuSLS</subfield></datafield><datafield ind1=" " ind2=" " tag="050"><subfield code="a">HV819.A45</subfield><subfield code="b">E876 2003</subfield></datafield><datafield ind1=" " ind2="7" tag="072"><subfield code="a">sp</subfield><subfield code="2">rero</subfield></datafield><datafield ind1="0" ind2="0" tag="082"><subfield code="a">363.2/06/04</subfield><subfield code="2">21</subfield></datafield><datafield ind1="0" ind2="4" tag="082"><subfield code="a">341.65</subfield><subfield code="b">Oc153p</subfield></datafield><datafield ind1="1" ind2="4" tag="082"><subfield code="a">363.209 4</subfield><subfield code="2">22</subfield></datafield><datafield ind1=" " ind2=" " tag="084"><subfield code="a">MK 5000</subfield><subfield code="2">rvk</subfield></datafield><datafield ind1=" " ind2=" " tag="084"><subfield code="a">PS 3873</subfield><subfield code="2">rvk</subfield></datafield><datafield ind1="1" ind2=" " tag="100"><subfield code="a">Occhipinti, John D.</subfield><subfield code="d">1967-....</subfield><subfield code="0">(IDREF)153776374</subfield><subfield code="4">cre</subfield></datafield><datafield ind1="1" ind2="0" tag="245"><subfield code="a">&lt;&lt;The&gt;&gt; politics of EU police cooperation</subfield><subfield code="b">towards a European FBI ?</subfield><subfield code="c">John D. Occhipinti</subfield></datafield><datafield ind1=" " ind2="1" tag="264"><subfield code="a">Boulder [etc.]</subfield><subfield code="b">Lynne Rienner</subfield><subfield code="c">2003</subfield></datafield><datafield ind1=" " ind2=" " tag="300"><subfield code="a">X, 286 p.</subfield><subfield code="b">ill.</subfield><subfield code="c">24 cm</subfield></datafield><datafield ind1=" " ind2=" " tag="336"><subfield code="b">txt</subfield><subfield code="2">rdacontent</subfield></datafield><datafield ind1=" " ind2=" " tag="337"><subfield code="b">n</subfield><subfield code="2">rdamedia</subfield></datafield><datafield ind1=" " ind2=" " tag="338"><subfield code="b">nc</subfield><subfield code="2">rdacarrier</subfield></datafield><datafield ind1="2" ind2="7" tag="610"><subfield code="a">Union européenne</subfield><subfield code="0">(IDREF)032486324</subfield><subfield code="2">idref</subfield></datafield><datafield ind1="2" ind2="7" tag="610"><subfield code="a">Europäische Union</subfield><subfield code="2">idszbz</subfield></datafield><datafield ind1="2" ind2="7" tag="610"><subfield code="a">Europol</subfield><subfield code="2">idszbz</subfield></datafield><datafield ind1="2" ind2="0" tag="610"><subfield code="a">Europol</subfield><subfield code="x">History</subfield></datafield><datafield ind1="2" ind2="7" tag="610"><subfield code="a">Europäische Union</subfield><subfield code="0">(DE-588)5098525-5</subfield><subfield code="2">gnd</subfield></datafield><datafield ind1="2" ind2="7" tag="610"><subfield code="a">Europol</subfield><subfield code="0">(DE-588)10028615-X</subfield><subfield code="2">gnd</subfield></datafield><datafield ind1=" " ind2="7" tag="648"><subfield code="a">Geschichte</subfield><subfield code="2">idszbz</subfield></datafield><datafield ind1=" " ind2="7" tag="648"><subfield code="a">Geschichte</subfield><subfield code="2">gnd</subfield></datafield><datafield ind1=" " ind2="7" tag="650"><subfield code="a">Coopération internationale</subfield><subfield code="0">(IDREF)027463710</subfield><subfield code="2">idref</subfield></datafield><datafield ind1=" " ind2="7" tag="650"><subfield code="a">Criminalité</subfield><subfield code="0">(IDREF)048655600</subfield><subfield code="2">idref</subfield></datafield><datafield ind1=" " ind2="7" tag="650"><subfield code="a">Police</subfield><subfield code="0">(IDREF)027245144</subfield><subfield code="2">idref</subfield></datafield><datafield ind1=" " ind2="7" tag="650"><subfield code="a">Kooperation</subfield><subfield code="2">idszbz</subfield></datafield><datafield ind1=" " ind2="7" tag="650"><subfield code="a">Polizei</subfield><subfield code="2">idszbz</subfield></datafield><datafield ind1=" " ind2="0" tag="650"><subfield code="a">Law enforcement</subfield><subfield code="x">International cooperation</subfield><subfield code="z">European Union countries</subfield></datafield><datafield ind1=" " ind2="0" tag="650"><subfield code="a">Police administration</subfield><subfield code="x">International cooperation</subfield><subfield code="z">European Union countries</subfield></datafield><datafield ind1=" " ind2="0" tag="650"><subfield code="a">Security, International</subfield><subfield code="z">European Union countries</subfield></datafield><datafield ind1=" " ind2="0" tag="650"><subfield code="a">Terrorism</subfield><subfield code="z">European Union countries</subfield><subfield code="x">Prevention</subfield></datafield><datafield ind1=" " ind2="0" tag="650"><subfield code="a">Transnational crime</subfield><subfield code="z">European Union countries</subfield></datafield><datafield ind1=" " ind2="7" tag="650"><subfield code="a">Innere Sicherheit</subfield><subfield code="0">(DE-588)4127888-4</subfield><subfield code="2">gnd</subfield></datafield><datafield ind1=" " ind2="7" tag="650"><subfield code="a">Kooperation</subfield><subfield code="0">(DE-588)4032386-9</subfield><subfield code="2">gnd</subfield></datafield><datafield ind1=" " ind2="7" tag="650"><subfield code="a">Polizei</subfield><subfield code="0">(DE-588)4046595-0</subfield><subfield code="2">gnd</subfield></datafield><datafield ind1=" " ind2=" " tag="900"><subfield code="a">IDSZ2zbzmon200307f</subfield><subfield code="c">IDSZ2meyr</subfield><subfield code="d">IDSZ2zbzswk200312b</subfield><subfield code="e">IDSZ2baur</subfield></datafield><datafield ind1=" " ind2=" " tag="911"><subfield code="a">1 $aOcchipinti, John D.,$d1967-</subfield></datafield><datafield ind1=" " ind2=" " tag="961"><subfield code="2">gsi</subfield><subfield code="a">351.74</subfield><subfield code="9">LOCAL</subfield></datafield></record>
</metadata></record>