<record><header><identifier>oai:alma.41SLSP_UGE:991000026239705502</identifier><datestamp>2023-06-20T00:26:38Z</datestamp><setSpec>uge_bcen_RapidILL_BOOK</setSpec><setSpec>uge_aaca_RapidILL_BOOK</setSpec><setSpec>uge_abels_RapidILL_BOOK</setSpec><setSpec>uge_dbu_RapidILL_BOOK</setSpec><setSpec>uge_cmu_RapidILL_BOOK</setSpec><setSpec>uge_mail_RapidILL_BOOK</setSpec><setSpec>uge_abbat_RapidILL_BOOK</setSpec><setSpec>UNIGE_ALL</setSpec><setSpec>uge_aobs_RapidILL_BOOK</setSpec><setSpec>uge_acar_RapidILL_BOOK</setSpec></header><metadata>
<record xmlns="http://www.loc.gov/MARC21/slim" xmlns:xsi="http://www.w3.org/2001/XMLSchema-instance" xsi:schemaLocation="http://www.loc.gov/MARC21/slim http://www.loc.gov/standards/marcxml/schema/MARC21slim.xsd"><leader>02742nam a2200781 c 4500</leader><controlfield tag="001">991000026239705502</controlfield><controlfield tag="005">20230619194656.0</controlfield><controlfield tag="008">201011t19961996gp ||||| |||| 00| ||fre d</controlfield><datafield ind1=" " ind2=" " tag="010"><subfield code="a">97114506</subfield></datafield><datafield ind1=" " ind2=" " tag="020"><subfield code="a">9782950219589</subfield><subfield code="q">Jasor</subfield></datafield><datafield ind1=" " ind2=" " tag="020"><subfield code="a">9782865376841</subfield><subfield code="q">Karthala</subfield></datafield><datafield ind1=" " ind2=" " tag="020"><subfield code="a">2865376842</subfield><subfield code="q">Karthala</subfield></datafield><datafield ind1=" " ind2=" " tag="020"><subfield code="a">2950219586</subfield><subfield code="q">Jasor</subfield></datafield><datafield ind1="7" ind2=" " tag="024"><subfield code="a">http://catalogue.bnf.fr/ark:/12148/cb35847733v</subfield><subfield code="2">uri</subfield></datafield><datafield ind1=" " ind2=" " tag="035"><subfield code="a">(swissbib)220628106-41slsp_network</subfield></datafield><datafield ind1=" " ind2=" " tag="035"><subfield code="a">220628106</subfield><subfield code="9">ExL</subfield></datafield><datafield ind1=" " ind2=" " tag="035"><subfield code="a">(RERO)R007429674-41slsp</subfield></datafield><datafield ind1=" " ind2=" " tag="035"><subfield code="a">(IDSBB)006720228DSV01</subfield></datafield><datafield ind1=" " ind2=" " tag="035"><subfield code="a">(NEBIS)001886025EBI01</subfield></datafield><datafield ind1=" " ind2=" " tag="035"><subfield code="a">(OCoLC)36480428</subfield></datafield><datafield ind1=" " ind2=" " tag="035"><subfield code="a">(EXLNZ-41SLSP_NETWORK)991102499789705501</subfield></datafield><datafield ind1=" " ind2=" " tag="040"><subfield code="a">DLC</subfield><subfield code="d">CH-ZuSLS</subfield></datafield><datafield ind1=" " ind2=" " tag="043"><subfield code="a">cc-----</subfield></datafield><datafield ind1=" " ind2="0" tag="050"><subfield code="a">PN849.C3</subfield><subfield code="b">M36 1996</subfield></datafield><datafield ind1=" " ind2="7" tag="072"><subfield code="a">lc</subfield><subfield code="2">rero</subfield></datafield><datafield ind1="0" ind2="0" tag="082"><subfield code="a">809/.89729</subfield><subfield code="2">21</subfield></datafield><datafield ind1="1" ind2="4" tag="082"><subfield code="a">898</subfield><subfield code="2">21</subfield></datafield><datafield ind1="1" ind2="4" tag="082"><subfield code="a">841</subfield><subfield code="2">15</subfield></datafield><datafield ind1="1" ind2="4" tag="082"><subfield code="a">820</subfield><subfield code="2">15</subfield></datafield><datafield ind1="1" ind2="4" tag="082"><subfield code="a">860</subfield><subfield code="2">15</subfield></datafield><datafield ind1=" " ind2=" " tag="084"><subfield code="a">IJ 50020</subfield><subfield code="2">rvk</subfield></datafield><datafield ind1=" " ind2=" " tag="084"><subfield code="a">IJ 50023</subfield><subfield code="2">rvk</subfield></datafield><datafield ind1=" " ind2=" " tag="084"><subfield code="a">IQ 11080</subfield><subfield code="2">rvk</subfield></datafield><datafield ind1="1" ind2=" " tag="100"><subfield code="a">Maximin, Colette</subfield><subfield code="d">1958-</subfield><subfield code="0">(DE-588)1162934948</subfield><subfield code="6">880-01</subfield></datafield><datafield ind1="1" ind2=" " tag="880"><subfield code="6">100-01</subfield><subfield code="a">Maximin, Colette</subfield><subfield code="d">1958-....</subfield><subfield code="0">(IDREF)030932343</subfield><subfield code="4">cre</subfield></datafield><datafield ind1="1" ind2="0" tag="245"><subfield code="a">Littératures caribéennes comparées</subfield><subfield code="c">Colette Maximin</subfield></datafield><datafield ind1=" " ind2="1" tag="264"><subfield code="a">Pointe-à-Pitre [Guadeloupe]</subfield><subfield code="b">Editions Jasor</subfield><subfield code="a">Paris</subfield><subfield code="b">Karthala</subfield><subfield code="c">[1996]</subfield></datafield><datafield ind1=" " ind2="4" tag="264"><subfield code="c">© 1996</subfield></datafield><datafield ind1=" " ind2=" " tag="300"><subfield code="a">419 Seiten</subfield><subfield code="c">22 cm</subfield></datafield><datafield ind1=" " ind2=" " tag="336"><subfield code="b">txt</subfield><subfield code="2">rdacontent</subfield></datafield><datafield ind1=" " ind2=" " tag="337"><subfield code="b">n</subfield><subfield code="2">rdamedia</subfield></datafield><datafield ind1=" " ind2=" " tag="338"><subfield code="b">nc</subfield><subfield code="2">rdacarrier</subfield></datafield><datafield ind1=" " ind2=" " tag="504"><subfield code="a">Includes bibliographical references (p. [411]-419) and index.</subfield></datafield><datafield ind1=" " ind2=" " tag="504"><subfield code="a">Literaturverz.</subfield></datafield><datafield ind1=" " ind2=" " tag="530"><subfield code="a">Also issued online</subfield></datafield><datafield ind1=" " ind2="0" tag="650"><subfield code="a">Caribbean literature</subfield><subfield code="x">History and criticism</subfield></datafield><datafield ind1=" " ind2="7" tag="650"><subfield code="a">Littérature caribéenne</subfield><subfield code="0">(IDREF)083972889</subfield><subfield code="2">idref</subfield></datafield><datafield ind1=" " ind2="7" tag="650"><subfield code="a">Littérature comparée</subfield><subfield code="0">(IDREF)027236838</subfield><subfield code="2">idref</subfield></datafield><datafield ind1=" " ind2="6" tag="650"><subfield code="a">Littérature antillaise</subfield><subfield code="x">Histoire et critique</subfield></datafield><datafield ind1=" " ind2="6" tag="650"><subfield code="a">Ethnicité dans la littérature</subfield></datafield><datafield ind1=" " ind2="7" tag="650"><subfield code="a">Caribbean literature</subfield><subfield code="2">fast</subfield></datafield><datafield ind1=" " ind2="7" tag="650"><subfield code="a">Literatura expressao francesa</subfield><subfield code="2">larpcal</subfield></datafield><datafield ind1=" " ind2="4" tag="650"><subfield code="a">Ethnicité dans la littérature</subfield></datafield><datafield ind1=" " ind2="4" tag="650"><subfield code="a">Littérature antillaise - Histoire et critique</subfield></datafield><datafield ind1=" " ind2="7" tag="650"><subfield code="a">LETTERATURA COMPARATA</subfield><subfield code="x">CARIBI</subfield><subfield code="x">SAGGI</subfield><subfield code="2">scbi</subfield></datafield><datafield ind1=" " ind2="7" tag="650"><subfield code="a">Literatur</subfield><subfield code="0">(DE-588)4035964-5</subfield><subfield code="2">gnd</subfield></datafield><datafield ind1=" " ind2="7" tag="650"><subfield code="a">Literatur</subfield><subfield code="2">idszbz</subfield></datafield><datafield ind1=" " ind2="0" tag="650"><subfield code="a">Literatura caribeña</subfield><subfield code="x">Historia y crítica</subfield></datafield><datafield ind1=" " ind2="7" tag="651"><subfield code="a">Belize</subfield><subfield code="0">(DE-588)4005412-3</subfield><subfield code="2">gnd</subfield></datafield><datafield ind1=" " ind2="7" tag="651"><subfield code="a">Französisch-Guayana</subfield><subfield code="0">(DE-588)4018184-4</subfield><subfield code="2">gnd</subfield></datafield><datafield ind1=" " ind2="7" tag="651"><subfield code="a">Westindien</subfield><subfield code="0">(DE-588)4079228-6</subfield><subfield code="2">gnd</subfield></datafield><datafield ind1=" " ind2="7" tag="651"><subfield code="a">Westindien</subfield><subfield code="2">idszbz</subfield></datafield><datafield ind1=" " ind2="4" tag="655"><subfield code="a">Criticism, interpretation, etc</subfield></datafield><datafield ind1=" " ind2="4" tag="655"><subfield code="a">Aufsatzsammlung</subfield></datafield><datafield ind1=" " ind2=" " tag="690"><subfield code="a">Französisch : Literatur : Karibik</subfield><subfield code="2">uzb-VH</subfield></datafield><datafield ind1=" " ind2=" " tag="690"><subfield code="a">Bestiarium</subfield><subfield code="2">uzb-VH</subfield></datafield><datafield ind1=" " ind2=" " tag="690"><subfield code="a">Karneval (Motiv)</subfield><subfield code="2">uzb-VH</subfield></datafield><datafield ind1=" " ind2=" " tag="690"><subfield code="a">Magischer Realismus (Literatur)</subfield><subfield code="2">uzb-VH</subfield></datafield><datafield ind1=" " ind2=" " tag="900"><subfield code="a">Stoppsignal FRED</subfield></datafield></record>
</metadata></record>