<record><header><identifier>oai:alma.41SLSP_UGE:991000002469705502</identifier><datestamp>2023-06-20T00:25:09Z</datestamp><setSpec>uge_bcen_RapidILL_BOOK</setSpec><setSpec>uge_aaca_RapidILL_BOOK</setSpec><setSpec>uge_abels_RapidILL_BOOK</setSpec><setSpec>uge_dbu_RapidILL_BOOK</setSpec><setSpec>uge_cmu_RapidILL_BOOK</setSpec><setSpec>uge_mail_RapidILL_BOOK</setSpec><setSpec>uge_abbat_RapidILL_BOOK</setSpec><setSpec>UNIGE_ALL</setSpec><setSpec>uge_acar_RapidILL_BOOK</setSpec><setSpec>uge_aobs_RapidILL_BOOK</setSpec></header><metadata>
<record xmlns="http://www.loc.gov/MARC21/slim" xmlns:xsi="http://www.w3.org/2001/XMLSchema-instance" xsi:schemaLocation="http://www.loc.gov/MARC21/slim http://www.loc.gov/standards/marcxml/schema/MARC21slim.xsd"><leader>01259nam a2200277 c 4500</leader><controlfield tag="001">991000002469705502</controlfield><controlfield tag="005">20230619195648.0</controlfield><controlfield tag="008">040405s2002    cg ||||| |||| 10| ||fre d</controlfield><datafield ind1=" " ind2=" " tag="035"><subfield code="a">(swissbib)100438113-41slsp_network</subfield></datafield><datafield ind1=" " ind2=" " tag="035"><subfield code="a">100438113</subfield><subfield code="9">ExL</subfield></datafield><datafield ind1=" " ind2=" " tag="035"><subfield code="a">(RERO)R003614121-41slsp</subfield></datafield><datafield ind1=" " ind2=" " tag="035"><subfield code="a">(EXLNZ-41SLSP_NETWORK)991077880759705501</subfield></datafield><datafield ind1=" " ind2=" " tag="040"><subfield code="a">RERO geuth-</subfield><subfield code="d">CH-ZuSLS</subfield></datafield><datafield ind1=" " ind2="7" tag="072"><subfield code="a">th</subfield><subfield code="2">rero</subfield></datafield><datafield ind1="0" ind2="0" tag="245"><subfield code="a">&lt;&lt;L'&gt;&gt;Eglise dans la société congolaise</subfield><subfield code="b">hier, aujourd'hui et demain : actes des journées scientifiques interfacultaires organisées par le CRIP de l'UPC et la Commission théologique de l'ECC du 25 au 28 avril 2001</subfield></datafield><datafield ind1=" " ind2="1" tag="264"><subfield code="a">Kinshasa</subfield><subfield code="b">Editions de l'Université protestante au Congo</subfield><subfield code="c">2002</subfield></datafield><datafield ind1=" " ind2=" " tag="300"><subfield code="a">504 p.</subfield><subfield code="c">24 cm</subfield></datafield><datafield ind1=" " ind2=" " tag="336"><subfield code="b">txt</subfield><subfield code="2">rdacontent</subfield></datafield><datafield ind1=" " ind2=" " tag="337"><subfield code="b">n</subfield><subfield code="2">rdamedia</subfield></datafield><datafield ind1=" " ind2=" " tag="338"><subfield code="b">nc</subfield><subfield code="2">rdacarrier</subfield></datafield><datafield ind1="1" ind2=" " tag="490"><subfield code="a">Revue du CRIP</subfield><subfield code="v">année 1</subfield></datafield><datafield ind1=" " ind2="7" tag="650"><subfield code="a">Église</subfield><subfield code="0">(IDREF)027790258</subfield><subfield code="2">idref</subfield></datafield><datafield ind1=" " ind2="7" tag="651"><subfield code="a">Congo (République démocratique)</subfield><subfield code="0">(IDREF)027263053</subfield><subfield code="2">idref</subfield></datafield><datafield ind1=" " ind2="7" tag="655"><subfield code="a">Actes de congrès</subfield><subfield code="0">(IDREF)02886431X</subfield><subfield code="2">idref</subfield></datafield><datafield ind1="2" ind2=" " tag="710"><subfield code="a">Université protestante au Congo</subfield><subfield code="b">Centre de recherches interdisciplinaires et de publications</subfield><subfield code="0">(RERO)A012403349</subfield></datafield><datafield ind1="2" ind2=" " tag="710"><subfield code="a">Eglise du Christ au Congo</subfield><subfield code="b">Commission théologique</subfield><subfield code="0">(RERO)A009608053</subfield></datafield><datafield ind1=" " ind2="0" tag="830"><subfield code="a">Revue du CRIP</subfield><subfield code="v">1</subfield><subfield code="w">(RERO)R003614114-41slsp</subfield></datafield></record>
</metadata></record>