<record><header><identifier>oai:alma.41SLSP_UGE:991000004019705502</identifier><datestamp>2023-10-26T00:42:03Z</datestamp><setSpec>uge_bcen_RapidILL_BOOK</setSpec><setSpec>uge_aaca_RapidILL_BOOK</setSpec><setSpec>uge_abels_RapidILL_BOOK</setSpec><setSpec>uge_dbu_RapidILL_BOOK</setSpec><setSpec>uge_cmu_RapidILL_BOOK</setSpec><setSpec>uge_mail_RapidILL_BOOK</setSpec><setSpec>uge_abbat_RapidILL_BOOK</setSpec><setSpec>UNIGE_ALL</setSpec><setSpec>uge_acar_RapidILL_BOOK</setSpec><setSpec>uge_aobs_RapidILL_BOOK</setSpec></header><metadata>
<record xmlns="http://www.loc.gov/MARC21/slim" xmlns:xsi="http://www.w3.org/2001/XMLSchema-instance" xsi:schemaLocation="http://www.loc.gov/MARC21/slim http://www.loc.gov/standards/marcxml/schema/MARC21slim.xsd"><leader>01709nam a2200481 c 4500</leader><controlfield tag="001">991000004019705502</controlfield><controlfield tag="005">20201231105706.0</controlfield><controlfield tag="008">201012s1981    it ||||| |||| 00| ||ita d</controlfield><datafield ind1=" " ind2=" " tag="035"><subfield code="a">(swissbib)237960214-41slsp_network</subfield></datafield><datafield ind1=" " ind2=" " tag="035"><subfield code="a">237960214</subfield><subfield code="9">ExL</subfield></datafield><datafield ind1=" " ind2=" " tag="035"><subfield code="a">(RERO)0661368-41slsp</subfield></datafield><datafield ind1=" " ind2=" " tag="035"><subfield code="a">(SBT)000728834SBT01</subfield></datafield><datafield ind1=" " ind2=" " tag="035"><subfield code="a">(IDSSG)000370815HSB01</subfield></datafield><datafield ind1=" " ind2=" " tag="035"><subfield code="a">(NEBIS)003102877EBI01</subfield></datafield><datafield ind1=" " ind2=" " tag="035"><subfield code="a">(IDSBB)000953347DSV01</subfield></datafield><datafield ind1=" " ind2=" " tag="035"><subfield code="a">(NEBIS)009388384EBI01</subfield></datafield><datafield ind1=" " ind2=" " tag="035"><subfield code="a">(EXLNZ-41SLSP_NETWORK)991015556189705501</subfield></datafield><datafield ind1=" " ind2=" " tag="040"><subfield code="a">RERO frbcuc</subfield><subfield code="d">CH-ZuSLS</subfield></datafield><datafield ind1=" " ind2="7" tag="072"><subfield code="a">it</subfield><subfield code="2">rero</subfield></datafield><datafield ind1=" " ind2="7" tag="072"><subfield code="a">fr</subfield><subfield code="2">rero</subfield></datafield><datafield ind1=" " ind2="7" tag="072"><subfield code="a">it</subfield><subfield code="2">SzZuIDS BS/BE</subfield></datafield><datafield ind1="0" ind2="4" tag="082"><subfield code="a">850.8</subfield><subfield code="b">C68, v.137</subfield></datafield><datafield ind1="1" ind2="4" tag="082"><subfield code="a">851.2</subfield><subfield code="2">22</subfield></datafield><datafield ind1="0" ind2="0" tag="245"><subfield code="a">Cantari d'Aspramonte inediti</subfield><subfield code="b">(Magl. VII 682)</subfield><subfield code="c">ed. critica a cura di Andrea Fassò</subfield></datafield><datafield ind1=" " ind2="1" tag="264"><subfield code="a">Bologna</subfield><subfield code="b">Commissione per i testi di lingua</subfield><subfield code="c">1981</subfield></datafield><datafield ind1=" " ind2=" " tag="300"><subfield code="a">CXLI, 400 p.</subfield><subfield code="c">24 cm</subfield></datafield><datafield ind1=" " ind2=" " tag="336"><subfield code="b">txt</subfield><subfield code="2">rdacontent</subfield></datafield><datafield ind1=" " ind2=" " tag="337"><subfield code="b">n</subfield><subfield code="2">rdamedia</subfield></datafield><datafield ind1=" " ind2=" " tag="338"><subfield code="b">nc</subfield><subfield code="2">rdacarrier</subfield></datafield><datafield ind1="1" ind2=" " tag="490"><subfield code="a">Collezione di opere inedite o rare</subfield><subfield code="v">vol. 137</subfield></datafield><datafield ind1="0" ind2="0" tag="630"><subfield code="a">Chanson d'Aspremont</subfield></datafield><datafield ind1=" " ind2="7" tag="650"><subfield code="a">Edition</subfield><subfield code="0">(DE-588)4132033-5</subfield><subfield code="2">gnd</subfield></datafield><datafield ind1=" " ind2="7" tag="650"><subfield code="a">Sprachanalyse</subfield><subfield code="0">(DE-588)4129916-4</subfield><subfield code="2">gnd</subfield></datafield><datafield ind1=" " ind2="7" tag="650"><subfield code="a">Übersetzung</subfield><subfield code="0">(DE-588)4061418-9</subfield><subfield code="2">gnd</subfield></datafield><datafield ind1=" " ind2="7" tag="650"><subfield code="a">Volgare</subfield><subfield code="0">(DE-588)4188507-7</subfield><subfield code="2">gnd</subfield></datafield><datafield ind1=" " ind2="7" tag="650"><subfield code="a">Toskanisch</subfield><subfield code="0">(DE-588)4185743-4</subfield><subfield code="2">gnd</subfield></datafield><datafield ind1=" " ind2=" " tag="690"><subfield code="a">Italienische Epik / Ausgaben / Einzelne Autoren und Texte / Originalsprache</subfield><subfield code="2">uzb-Z9</subfield></datafield><datafield ind1=" " ind2=" " tag="691"><subfield code="e">841.1</subfield><subfield code="a">Poesia francese, origini-1399</subfield><subfield code="2">usi-TE</subfield></datafield><datafield ind1="1" ind2=" " tag="700"><subfield code="a">Fassò, Andrea</subfield><subfield code="d">1945-....</subfield><subfield code="0">(IDREF)052460983</subfield></datafield><datafield ind1="0" ind2=" " tag="730"><subfield code="a">Aspremont</subfield><subfield code="k">Italiano</subfield></datafield><datafield ind1="0" ind2=" " tag="730"><subfield code="a">Aspremont</subfield><subfield code="l">Italien</subfield></datafield><datafield ind1=" " ind2=" " tag="830"><subfield code="a">Collezione di opere inedite o rare</subfield><subfield code="v">137</subfield><subfield code="w">(RERO)0030511-41slsp</subfield></datafield><datafield ind1=" " ind2=" " tag="900"><subfield code="a">REROnoselfmerge</subfield></datafield><datafield ind1=" " ind2=" " tag="900"><subfield code="a">IDSZRMedeaZBZ</subfield></datafield><datafield ind1=" " ind2=" " tag="993"><subfield code="a">BFLA 183450</subfield><subfield code="x">ge/ulit/a/FLt 103568</subfield><subfield code="9">LOCAL</subfield></datafield></record>
</metadata></record>