<record><header><identifier>oai:alma.41SLSP_UGE:991000003419705502</identifier><datestamp>2023-03-01T01:08:52Z</datestamp><setSpec>uge_bcen_RapidILL_BOOK</setSpec><setSpec>uge_aaca_RapidILL_BOOK</setSpec><setSpec>uge_abels_RapidILL_BOOK</setSpec><setSpec>uge_dbu_RapidILL_BOOK</setSpec><setSpec>uge_cmu_RapidILL_BOOK</setSpec><setSpec>uge_mail_RapidILL_BOOK</setSpec><setSpec>UNIGE_ALL</setSpec><setSpec>uge_abbat_RapidILL_BOOK</setSpec><setSpec>uge_aobs_RapidILL_BOOK</setSpec><setSpec>uge_acar_RapidILL_BOOK</setSpec></header><metadata>
<record xmlns="http://www.loc.gov/MARC21/slim" xmlns:xsi="http://www.w3.org/2001/XMLSchema-instance" xsi:schemaLocation="http://www.loc.gov/MARC21/slim http://www.loc.gov/standards/marcxml/schema/MARC21slim.xsd"><leader>01001nam a2200265 c 4500</leader><controlfield tag="001">991000003419705502</controlfield><controlfield tag="005">20201225184309.0</controlfield><controlfield tag="008">000915s1895    fr ||||| |||| 00| ||lat d</controlfield><datafield ind1=" " ind2=" " tag="035"><subfield code="a">(swissbib)089418085-41slsp_network</subfield></datafield><datafield ind1=" " ind2=" " tag="035"><subfield code="a">089418085</subfield><subfield code="9">ExL</subfield></datafield><datafield ind1=" " ind2=" " tag="035"><subfield code="a">(RERO)1945765-41slsp</subfield></datafield><datafield ind1=" " ind2=" " tag="035"><subfield code="a">(EXLNZ-41SLSP_NETWORK)991081670069705501</subfield></datafield><datafield ind1=" " ind2=" " tag="040"><subfield code="a">RERO geulsa</subfield><subfield code="d">CH-ZuSLS</subfield></datafield><datafield ind1=" " ind2="7" tag="072"><subfield code="a">la</subfield><subfield code="2">rero</subfield></datafield><datafield ind1="1" ind2=" " tag="100"><subfield code="a">Tite-Live</subfield><subfield code="d">0059? av. J.-C.-0017</subfield><subfield code="0">(IDREF)026662019</subfield><subfield code="4">cre</subfield></datafield><datafield ind1="1" ind2="0" tag="245"><subfield code="a">Narrationes</subfield><subfield code="c">Tite-Live ; texte latin publ. avec une notice sur la vie et les ouvrages de Tite-Live, des remarques sur la langue des notes explicatives ... / par O. Riemann et I. Uri</subfield></datafield><datafield ind1=" " ind2=" " tag="250"><subfield code="a">5e tirage revu</subfield></datafield><datafield ind1=" " ind2="1" tag="264"><subfield code="a">Paris</subfield><subfield code="b">Hachette</subfield><subfield code="c">1895</subfield></datafield><datafield ind1=" " ind2=" " tag="300"><subfield code="a">XLVIII, 288 p.</subfield><subfield code="b">cartes</subfield><subfield code="c">16 cm</subfield></datafield><datafield ind1=" " ind2=" " tag="336"><subfield code="b">txt</subfield><subfield code="2">rdacontent</subfield></datafield><datafield ind1=" " ind2=" " tag="337"><subfield code="b">n</subfield><subfield code="2">rdamedia</subfield></datafield><datafield ind1=" " ind2=" " tag="338"><subfield code="b">nc</subfield><subfield code="2">rdacarrier</subfield></datafield><datafield ind1="1" ind2=" " tag="700"><subfield code="a">Riemann, Othon</subfield><subfield code="d">1853-1891</subfield><subfield code="0">(IDREF)03024062X</subfield></datafield><datafield ind1="1" ind2=" " tag="700"><subfield code="a">Uri, Isaac</subfield><subfield code="d">1860-1913</subfield><subfield code="0">(IDREF)033082367</subfield></datafield><datafield ind1="1" ind2="2" tag="700"><subfield code="a">Livius Patavinus, Titus</subfield><subfield code="t">Ab urbe condita</subfield></datafield><datafield ind1=" " ind2=" " tag="900"><subfield code="a">REROnoselfmerge</subfield></datafield></record>
</metadata></record>