<record><header><identifier>oai:alma.41SLSP_UGE:991000004039705502</identifier><datestamp>2023-03-21T01:13:44Z</datestamp><setSpec>uge_bcen_RapidILL_BOOK</setSpec><setSpec>uge_aaca_RapidILL_BOOK</setSpec><setSpec>uge_abels_RapidILL_BOOK</setSpec><setSpec>uge_dbu_RapidILL_BOOK</setSpec><setSpec>uge_cmu_RapidILL_BOOK</setSpec><setSpec>uge_mail_RapidILL_BOOK</setSpec><setSpec>uge_abbat_RapidILL_BOOK</setSpec><setSpec>UNIGE_ALL</setSpec><setSpec>uge_aobs_RapidILL_BOOK</setSpec><setSpec>uge_acar_RapidILL_BOOK</setSpec></header><metadata>
<record xmlns="http://www.loc.gov/MARC21/slim" xmlns:xsi="http://www.w3.org/2001/XMLSchema-instance" xsi:schemaLocation="http://www.loc.gov/MARC21/slim http://www.loc.gov/standards/marcxml/schema/MARC21slim.xsd"><leader>01146nam a2200289 c 4500</leader><controlfield tag="001">991000004039705502</controlfield><controlfield tag="005">20230320185418.0</controlfield><controlfield tag="008">960815s1995    sz ||||| |||| 10| ||fre d</controlfield><datafield ind1=" " ind2=" " tag="035"><subfield code="a">(swissbib)091548691-41slsp_network</subfield></datafield><datafield ind1=" " ind2=" " tag="035"><subfield code="a">091548691</subfield><subfield code="9">ExL</subfield></datafield><datafield ind1=" " ind2=" " tag="035"><subfield code="a">(RERO)2243405-41slsp</subfield></datafield><datafield ind1=" " ind2=" " tag="035"><subfield code="a">(EXLNZ-41SLSP_NETWORK)991010103939705501</subfield></datafield><datafield ind1=" " ind2=" " tag="040"><subfield code="a">RERO geubfd</subfield><subfield code="d">CH-ZuSLS</subfield></datafield><datafield ind1=" " ind2=" " tag="044"><subfield code="a">sz</subfield><subfield code="c">ch-ge</subfield></datafield><datafield ind1=" " ind2="7" tag="072"><subfield code="a">ss</subfield><subfield code="2">rero</subfield></datafield><datafield ind1=" " ind2="7" tag="072"><subfield code="a">dr</subfield><subfield code="2">rero</subfield></datafield><datafield ind1=" " ind2=" " tag="084"><subfield code="a">D 18 c</subfield><subfield code="2">cjurrom</subfield></datafield><datafield ind1="0" ind2="0" tag="245"><subfield code="a">Déclaration parlementaire de Beijing</subfield><subfield code="b">adoptée par les participants à la Journée des parlementaires tenue à l'occasion de la Quatrième Conférence mondiale sur les femmes, Beijing, 7 septembre 1995</subfield><subfield code="c">Union interparlementaire</subfield></datafield><datafield ind1=" " ind2="1" tag="264"><subfield code="a">Genève</subfield><subfield code="b">Union interparlementaire</subfield><subfield code="c">1995</subfield></datafield><datafield ind1=" " ind2=" " tag="300"><subfield code="a">[6 p.]</subfield><subfield code="c">30 cm</subfield></datafield><datafield ind1=" " ind2=" " tag="336"><subfield code="b">txt</subfield><subfield code="2">rdacontent</subfield></datafield><datafield ind1=" " ind2=" " tag="337"><subfield code="b">n</subfield><subfield code="2">rdamedia</subfield></datafield><datafield ind1=" " ind2=" " tag="338"><subfield code="b">nc</subfield><subfield code="2">rdacarrier</subfield></datafield><datafield ind1=" " ind2="7" tag="650"><subfield code="a">Égalité des sexes</subfield><subfield code="0">(IDREF)035268867</subfield><subfield code="2">idref</subfield></datafield><datafield ind1=" " ind2="7" tag="655"><subfield code="a">[Recommandations internationales]</subfield><subfield code="0">(IDREF)167675745</subfield><subfield code="2">idref</subfield></datafield><datafield ind1="2" ind2=" " tag="710"><subfield code="a">Union interparlementaire</subfield><subfield code="0">(IDREF)028705246</subfield></datafield><datafield ind1="2" ind2=" " tag="711"><subfield code="a">Conférence mondiale sur les femmes</subfield><subfield code="n">4</subfield><subfield code="d">1995</subfield><subfield code="c">Pékin</subfield><subfield code="0">(RERO)A012313783</subfield></datafield><datafield ind1=" " ind2=" " tag="900"><subfield code="a">REROnoselfmerge</subfield></datafield></record>
</metadata></record>