<record><header><identifier>oai:alma.41SLSP_UGE:991000003619705502</identifier><datestamp>2024-05-26T00:10:10Z</datestamp><setSpec>uge_bcen_RapidILL_BOOK</setSpec><setSpec>uge_aaca_RapidILL_BOOK</setSpec><setSpec>uge_abels_RapidILL_BOOK</setSpec><setSpec>uge_dbu_RapidILL_BOOK</setSpec><setSpec>uge_cmu_RapidILL_BOOK</setSpec><setSpec>uge_mail_RapidILL_BOOK</setSpec><setSpec>UNIGE_ALL</setSpec><setSpec>uge_abbat_RapidILL_BOOK</setSpec><setSpec>uge_aobs_RapidILL_BOOK</setSpec><setSpec>uge_acar_RapidILL_BOOK</setSpec></header><metadata>
<record xmlns="http://www.loc.gov/MARC21/slim" xmlns:xsi="http://www.w3.org/2001/XMLSchema-instance" xsi:schemaLocation="http://www.loc.gov/MARC21/slim http://www.loc.gov/standards/marcxml/schema/MARC21slim.xsd"><leader>08434nam a2201153 c 4500</leader><controlfield tag="001">991000003619705502</controlfield><controlfield tag="005">20240410141100.0</controlfield><controlfield tag="008">201011s2006    sz       m    00| | ger|d</controlfield><datafield ind1=" " ind2=" " tag="015"><subfield code="a">GFR-DNB-06,N39,0351</subfield></datafield><datafield ind1="7" ind2=" " tag="016"><subfield code="a">981095275</subfield><subfield code="2">GyFmDB</subfield></datafield><datafield ind1=" " ind2=" " tag="020"><subfield code="a">9783727228544</subfield><subfield code="q">Pb.</subfield><subfield code="c">ca. sfr 78.00, ca. EUR 51.60</subfield></datafield><datafield ind1=" " ind2=" " tag="020"><subfield code="a">3727228547</subfield><subfield code="q">Pb.</subfield><subfield code="c">ca. sfr 78.00, ca. EUR 51.60</subfield></datafield><datafield ind1=" " ind2=" " tag="035"><subfield code="a">(swissbib)230994784-41slsp_network</subfield></datafield><datafield ind1=" " ind2=" " tag="035"><subfield code="a">230994784</subfield><subfield code="9">ExL</subfield></datafield><datafield ind1=" " ind2=" " tag="035"><subfield code="a">(IDSBB)004024509DSV01</subfield></datafield><datafield ind1=" " ind2=" " tag="035"><subfield code="a">(RERO)R004273399-41slsp</subfield></datafield><datafield ind1=" " ind2=" " tag="035"><subfield code="a">(IDSLU)000503376ILU01</subfield></datafield><datafield ind1=" " ind2=" " tag="035"><subfield code="a">(IDSSG)000355943HSB01</subfield></datafield><datafield ind1=" " ind2=" " tag="035"><subfield code="a">(NEBIS)005280327EBI01</subfield></datafield><datafield ind1=" " ind2=" " tag="035"><subfield code="a">(ALEX)bv001315838</subfield></datafield><datafield ind1=" " ind2=" " tag="035"><subfield code="a">(EXLNZ-41SLSP_NETWORK)991021504179705501</subfield></datafield><datafield ind1=" " ind2=" " tag="040"><subfield code="a">DDB</subfield><subfield code="e">kids</subfield><subfield code="d">CH-ZuSLS</subfield></datafield><datafield ind1=" " ind2=" " tag="044"><subfield code="a">sz</subfield><subfield code="c">ch-be</subfield></datafield><datafield ind1=" " ind2="7" tag="072"><subfield code="a">rw</subfield><subfield code="2">SzZuIDS BS/BE</subfield></datafield><datafield ind1=" " ind2="7" tag="072"><subfield code="a">dr</subfield><subfield code="2">rero</subfield></datafield><datafield ind1=" " ind2="7" tag="072"><subfield code="a">841</subfield><subfield code="2">IDS LU</subfield></datafield><datafield ind1=" " ind2="7" tag="072"><subfield code="a">830</subfield><subfield code="2">IDS LU</subfield></datafield><datafield ind1="0" ind2="4" tag="082"><subfield code="a">345.49408</subfield><subfield code="2">22/ger</subfield></datafield><datafield ind1="0" ind2="4" tag="082"><subfield code="a">346.494017</subfield><subfield code="2">22/ger</subfield></datafield><datafield ind1="0" ind2="4" tag="082"><subfield code="a">340</subfield></datafield><datafield ind1="1" ind2="4" tag="082"><subfield code="a">340</subfield><subfield code="2">15</subfield></datafield><datafield ind1=" " ind2=" " tag="084"><subfield code="a">PU 2620</subfield><subfield code="2">rvk</subfield></datafield><datafield ind1=" " ind2=" " tag="084"><subfield code="a">CA/CH 66.3 h</subfield><subfield code="2">cjurrom</subfield></datafield><datafield ind1=" " ind2=" " tag="084"><subfield code="a">CA/CH 92.1 h</subfield><subfield code="2">cjurrom</subfield></datafield><datafield ind1=" " ind2=" " tag="084"><subfield code="a">D 18 h</subfield><subfield code="2">cjurrom</subfield></datafield><datafield ind1=" " ind2=" " tag="084"><subfield code="a">PI 5020</subfield><subfield code="2">rvk</subfield></datafield><datafield ind1="1" ind2=" " tag="100"><subfield code="a">Cottier, Michelle</subfield><subfield code="d">1973-</subfield><subfield code="6">880-01</subfield><subfield code="0">(DE-588)12400492X</subfield><subfield code="4">aut</subfield></datafield><datafield ind1="1" ind2=" " tag="880"><subfield code="6">100-01</subfield><subfield code="a">Cottier, Michelle</subfield><subfield code="0">(IDREF)227141318</subfield><subfield code="4">aut</subfield></datafield><datafield ind1="1" ind2="0" tag="245"><subfield code="a">Subjekt oder Objekt?</subfield><subfield code="b">die Partizipation von Kindern in jugendstraf- und zivilrechtlichen Kindesschutzverfahren : eine rechtssoziologische Untersuchung aus der Geschlechterperspektive</subfield><subfield code="c">Michelle Cottier</subfield></datafield><datafield ind1="1" ind2="0" tag="246"><subfield code="a">&lt;&lt;Die&gt;&gt; Partizipation von Kindern in jugendstraf- und zivilrechtlichen Kindesschutzverfahren</subfield></datafield><datafield ind1=" " ind2="1" tag="264"><subfield code="a">Bern</subfield><subfield code="b">Stämpfli Verlag</subfield><subfield code="c">2006</subfield></datafield><datafield ind1=" " ind2=" " tag="300"><subfield code="a">266 S.</subfield><subfield code="b">Ill.</subfield><subfield code="c">23 cm</subfield></datafield><datafield ind1=" " ind2=" " tag="336"><subfield code="b">txt</subfield><subfield code="2">rdacontent</subfield></datafield><datafield ind1=" " ind2=" " tag="337"><subfield code="b">n</subfield><subfield code="2">rdamedia</subfield></datafield><datafield ind1=" " ind2=" " tag="338"><subfield code="b">nc</subfield><subfield code="2">rdacarrier</subfield></datafield><datafield ind1="1" ind2=" " tag="490"><subfield code="a">Schriftenreihe zum Familienrecht</subfield><subfield code="v">Bd. 6</subfield></datafield><datafield ind1=" " ind2=" " tag="502"><subfield code="a">Diss. iur. Univ. Basel, 2005. - Ref.: Ingeborg Schwenzer, Andrea Maihofer</subfield></datafield><datafield ind1=" " ind2=" " tag="504"><subfield code="a">Bibliogr.</subfield></datafield><datafield ind1=" " ind2="7" tag="650"><subfield code="a">Kind</subfield><subfield code="9">ger</subfield><subfield code="0">(RERO)jurivoc000012718ger</subfield><subfield code="2">jurivoc</subfield></datafield><datafield ind1=" " ind2="7" tag="650"><subfield code="a">Verfahrenspartei</subfield><subfield code="9">ger</subfield><subfield code="0">(RERO)jurivoc000024385ger</subfield><subfield code="2">jurivoc</subfield></datafield><datafield ind1=" " ind2="7" tag="650"><subfield code="a">Parteirecht</subfield><subfield code="9">ger</subfield><subfield code="0">(RERO)jurivoc000016865ger</subfield><subfield code="2">jurivoc</subfield></datafield><datafield ind1=" " ind2="7" tag="650"><subfield code="a">Prozessvertretung</subfield><subfield code="9">ger</subfield><subfield code="0">(RERO)jurivoc000017888ger</subfield><subfield code="2">jurivoc</subfield></datafield><datafield ind1=" " ind2="7" tag="650"><subfield code="a">Anhörung oder Verhör</subfield><subfield code="9">ger</subfield><subfield code="0">(RERO)jurivoc000001215ger</subfield><subfield code="2">jurivoc</subfield></datafield><datafield ind1=" " ind2="7" tag="650"><subfield code="a">Zivilprozess</subfield><subfield code="9">ger</subfield><subfield code="0">(RERO)jurivoc000027110ger</subfield><subfield code="2">jurivoc</subfield></datafield><datafield ind1=" " ind2="7" tag="650"><subfield code="a">Kindesschutz</subfield><subfield code="9">ger</subfield><subfield code="0">(RERO)jurivoc000012754ger</subfield><subfield code="2">jurivoc</subfield></datafield><datafield ind1=" " ind2="7" tag="650"><subfield code="a">Jugendstrafverfahren</subfield><subfield code="9">ger</subfield><subfield code="0">(RERO)jurivoc000012257ger</subfield><subfield code="2">jurivoc</subfield></datafield><datafield ind1=" " ind2="7" tag="650"><subfield code="a">Jugendschutz</subfield><subfield code="9">ger</subfield><subfield code="0">(RERO)jurivoc000012251ger</subfield><subfield code="2">jurivoc</subfield></datafield><datafield ind1=" " ind2="7" tag="650"><subfield code="a">Statistik</subfield><subfield code="9">ger</subfield><subfield code="0">(RERO)jurivoc000021291ger</subfield><subfield code="2">jurivoc</subfield></datafield><datafield ind1=" " ind2="7" tag="650"><subfield code="a">Rechtssoziologie</subfield><subfield code="9">ger</subfield><subfield code="0">(RERO)jurivoc000018459ger</subfield><subfield code="2">jurivoc</subfield></datafield><datafield ind1=" " ind2="7" tag="650"><subfield code="a">international</subfield><subfield code="9">ger</subfield><subfield code="0">(RERO)jurivoc000011874ger</subfield><subfield code="2">jurivoc</subfield></datafield><datafield ind1=" " ind2="7" tag="650"><subfield code="a">Délinquance juvénile</subfield><subfield code="0">(IDREF)027287114</subfield><subfield code="2">idref</subfield></datafield><datafield ind1=" " ind2="7" tag="650"><subfield code="a">Droit pénal</subfield><subfield code="0">(IDREF)027466892</subfield><subfield code="2">idref</subfield></datafield><datafield ind1=" " ind2="7" tag="650"><subfield code="a">Enfants</subfield><subfield code="0">(IDREF)027233278</subfield><subfield code="2">idref</subfield></datafield><datafield ind1=" " ind2="7" tag="650"><subfield code="a">Partizipation</subfield><subfield code="0">(DE-588)4044789-3</subfield><subfield code="2">gnd</subfield></datafield><datafield ind1=" " ind2="7" tag="650"><subfield code="a">Kindschaftssache</subfield><subfield code="0">(DE-588)4125355-3</subfield><subfield code="2">gnd</subfield></datafield><datafield ind1=" " ind2="7" tag="650"><subfield code="a">Kindschaftsrecht</subfield><subfield code="0">(DE-588)4030661-6</subfield><subfield code="2">gnd</subfield></datafield><datafield ind1=" " ind2="7" tag="650"><subfield code="a">Jugendstrafverfahren</subfield><subfield code="0">(DE-588)4125279-2</subfield><subfield code="2">gnd</subfield></datafield><datafield ind1=" " ind2="7" tag="650"><subfield code="a">Beteiligung</subfield><subfield code="0">(DE-588)4006092-5</subfield><subfield code="2">gnd</subfield></datafield><datafield ind1=" " ind2="7" tag="650"><subfield code="a">Zivilprozess</subfield><subfield code="0">(DE-588)4067911-1</subfield><subfield code="2">gnd</subfield></datafield><datafield ind1=" " ind2="7" tag="650"><subfield code="a">Fremdunterbringung</subfield><subfield code="0">(DE-588)4201873-0</subfield><subfield code="2">gnd</subfield></datafield><datafield ind1=" " ind2="7" tag="650"><subfield code="a">Rechtssoziologie</subfield><subfield code="0">(DE-588)4048837-8</subfield><subfield code="2">gnd</subfield></datafield><datafield ind1=" " ind2="7" tag="650"><subfield code="a">Familienrecht</subfield><subfield code="0">(DE-588)4016419-6</subfield><subfield code="2">gnd</subfield></datafield><datafield ind1=" " ind2="7" tag="650"><subfield code="a">Kinderschutz</subfield><subfield code="0">(DE-588)4132262-9</subfield><subfield code="2">gnd</subfield></datafield><datafield ind1=" " ind2="7" tag="650"><subfield code="a">JUGENDSTRAFRECHT</subfield><subfield code="9">ger</subfield><subfield code="0">(ETHUDK)000011179</subfield><subfield code="2">ethudk</subfield></datafield><datafield ind1=" " ind2="7" tag="650"><subfield code="a">KINDER (PERSONEN)</subfield><subfield code="9">ger</subfield><subfield code="0">(ETHUDK)000008947</subfield><subfield code="2">ethudk</subfield></datafield><datafield ind1=" " ind2="7" tag="650"><subfield code="a">KINDESSCHUTZ (SOZIALWESEN)</subfield><subfield code="9">ger</subfield><subfield code="0">(ETHUDK)000011931</subfield><subfield code="2">ethudk</subfield></datafield><datafield ind1=" " ind2="7" tag="650"><subfield code="a">SCHWEIZ (MITTELEUROPA). SCHWEIZERISCHE EIDGENOSSENSCHAFT</subfield><subfield code="9">ger</subfield><subfield code="0">(ETHUDK)000004571</subfield><subfield code="2">ethudk</subfield></datafield><datafield ind1=" " ind2="7" tag="650"><subfield code="a">VORMUNDSCHAFT (FAMILIENRECHT)</subfield><subfield code="9">ger</subfield><subfield code="0">(ETHUDK)000011439</subfield><subfield code="2">ethudk</subfield></datafield><datafield ind1=" " ind2="7" tag="650"><subfield code="a">ZIVILPROZESSVERFAHREN + ZIVILPROZESS (ZIVILRECHT)</subfield><subfield code="9">ger</subfield><subfield code="0">(ETHUDK)000011519</subfield><subfield code="2">ethudk</subfield></datafield><datafield ind1=" " ind2="7" tag="651"><subfield code="a">Schweiz</subfield><subfield code="9">ger</subfield><subfield code="0">(RERO)jurivoc000019912ger</subfield><subfield code="2">jurivoc</subfield></datafield><datafield ind1=" " ind2="7" tag="651"><subfield code="a">Suisse</subfield><subfield code="0">(IDREF)027249654</subfield><subfield code="2">idref</subfield></datafield><datafield ind1=" " ind2="7" tag="651"><subfield code="a">Schweiz</subfield><subfield code="0">(DE-588)4053881-3</subfield><subfield code="2">gnd</subfield></datafield><datafield ind1=" " ind2="7" tag="655"><subfield code="a">Hochschulschrift</subfield><subfield code="2">gnd-content</subfield></datafield><datafield ind1=" " ind2=" " tag="690"><subfield code="a">Mädchen; Strafverfahren; Jugendschutz; Väter; Mütter; Schutzmaßnahme; Justiz; Partizipation; Diskussion; Einleitung; Stellung; qualitative Analyse; Legitimität</subfield><subfield code="2">idssg-J</subfield></datafield><datafield ind1=" " ind2=" " tag="690"><subfield code="a">Kindesschutzverfahren; Jugendstrafverfahren; Kindesschutzrecht; Beschwerdelegitimation; Aktenanalyse; Partizipationsrecht; Akteneinsichtsrecht; Beweisverfahren; Kindesschutzmaßnahme; Anhörungsrecht; Erwachsenenschutzrecht; Fragestellung; Gehörsanspruch; Gesprächssituation; Kinderrecht; Kindesrecht; Kindheitsforschung; Partizipationsdebatte; Subjektwerdung; Verteidigungsrecht; Aktenführung; Gesprächshäufigkeit; Lebenssituation; Prozessfähigkeit; Verfahrensdauer; Abkürzungsverzeichnis; Aufenthaltsstatus; Baselstadt; Behördenmitglied; Elternteil; Erläuterunge; Geschlechterfrage; Geschlechterperspektive; Haftrichterin; Informationsgespräch; Interessenslogik; Jugendanwaltschaft; Jugendschutzkammer; Jugendstrafgericht; Jugendstrafgerichtsbarkeit; Jugendstrafsystem; Justizmodell; Kindelternstaat; Kindesschutzbereich; Kindesschutzsystem; Kindesschutzwesen; Kurvengang; Literaturverzeichnis; Opferstatus; Platzierungsort; Rechtssoziologie; Rechtsvertretung; Schauplatz; Schichtindikator; Schutzdiskurs; Selbstgefährdung; Störfaktor; Subjektbegriff; Verfahrensbeginn; Verfahrenspraxis; Verfahrensregime; Verfahrenssubjekt; Vormundschaftsbehörde; Wirkungsweise; Zwischenergebnis</subfield><subfield code="2">idssg-J</subfield></datafield><datafield ind1=" " ind2=" " tag="690"><subfield code="a">geltendes Jugendstrafrecht; geltendes Kindesschutzrecht; gelungene Entwicklung; neue Kindheitsforschung; problematische Männlichkeit; psychiatrisches Gutachten; unmündige Person; ausserfamiliäre Platzierung; beschuldigte Person; beteiligtes Behördenmitglied; demografisches Merkmal; doppeltes Geständnis; elternzentriertes Verfahren; empirische Untersuchung; erhobener Code; erhobene Variable; erweiterte Sicht; erweitertes Verständnis; erwünschte Männlichkeit; externer Grund; familienzentriertes Verfahren; fehlende Diskussion; gefährdetes Kind; geschlechterperspektiv Stämpfli; geschlechtliche Partizipation; geschlechtliche Subjektivierung; geschlechtsspezifische Verteilung; getrenntes Jugendstrafsystem; getrennter Kindesschutz; hegemoniales Subjekt; internationale Entwicklung; jugendlicher Delinquent; kantonales Kindesschutzverfahren; kindzentriertes Verfahren; konstruktivistische Rechtssoziologie; materiell Jugendstraf; materielles Jugendstrafrecht; materielles Kindesschutzrecht; männliche Entwicklung; produktive Wirkungsweise; psychologische Expertin; psychologisches Gutachten; qualitative Aktenanalyse; quantitative Aktenanalyse; quantitative Erhebung; rechtliches Verfahren; rechtssoziologische Untersuchung; soziale Konstruktion; sozialarbeiterische Arbeitsweise; soziologische Kindheitsforschung; staatliche Anerkennung; staatliche Verantwortung; strafprozessuale Aktenführung; umstrittene Umsetzung; untersuchte Akte; untersuchte Behörde; verfahrensrechtliche Stellung; verfahrensrechtlicher Unterschied; verschiedenes Verfahrensregime; vorsorgliche Haft; vorsorgliche Platzierung; weitere Untersuchung; wichtiges Ergebnis; zivilrechtliches Kindesschutzverfahren; zusammenfassende Diskussion</subfield><subfield code="2">idssg-J</subfield></datafield><datafield ind1=" " ind2=" " tag="690"><subfield code="a">Schweiz C4EXSI; China C9CHIN</subfield><subfield code="2">idssg-J</subfield></datafield><datafield ind1=" " ind2=" " tag="690"><subfield code="a">Anhang Erhobene Variablen; Autorin Tabellen Verzeichnis Literaturverzeichnis; Childhood Studies; Geschlechterperspektive Michelle Cottier Dr.iur. MA Subjekt; Kind imOTon; Platzierung Massnahmearten Platzierungsorte; qualitativ Aktenanalyse Methode; quantitativ Aktenanalyse Methode</subfield><subfield code="2">idssg-J</subfield></datafield><datafield ind1=" " ind2=" " tag="691"><subfield code="e">PC 92.1 CH</subfield><subfield code="2">rzs-L1</subfield></datafield><datafield ind1=" " ind2=" " tag="691"><subfield code="e">PC 66.3 CH</subfield><subfield code="2">rzs-L1</subfield></datafield><datafield ind1="1" ind2=" " tag="700"><subfield code="a">Schwenzer, Ingeborg</subfield><subfield code="d">1951-</subfield><subfield code="0">(DE-588)109533313</subfield><subfield code="4">dgs</subfield></datafield><datafield ind1="1" ind2=" " tag="700"><subfield code="a">Maihofer, Andrea</subfield><subfield code="d">1953-</subfield><subfield code="0">(DE-588)123457327</subfield><subfield code="4">dgs</subfield></datafield><datafield ind1=" " ind2="0" tag="830"><subfield code="a">Schriftenreihe zum Familienrecht</subfield><subfield code="v">6</subfield><subfield code="w">(IDSLU)000312841ILU01</subfield></datafield><datafield ind1="4" ind2=" " tag="856"><subfield code="3">Inhaltsverzeichnis</subfield><subfield code="u">http://www.ub.unibas.ch/tox/IDSBB/004024509/PDF</subfield><subfield code="q">pdf</subfield></datafield><datafield ind1=" " ind2=" " tag="900"><subfield code="a">IDSE5E19ANH-2007</subfield></datafield><datafield ind1=" " ind2=" " tag="900"><subfield code="a">IDSE5E85ANH-2012</subfield></datafield><datafield ind1=" " ind2=" " tag="900"><subfield code="a">IDSZ2rwimon200612i</subfield><subfield code="c">IDSZ2biss 061206</subfield><subfield code="d">IDSZ2rwiswk200612b</subfield><subfield code="e">IDSZ2sust</subfield></datafield><datafield ind1=" " ind2=" " tag="900"><subfield code="a">IDSZ2zbzmon200612l</subfield><subfield code="c">IDSZ2kuns</subfield><subfield code="d">IDSZ2zbzswk200701u</subfield></datafield><datafield ind1=" " ind2=" " tag="900"><subfield code="a">IDSE5E50ANH-2007</subfield></datafield><datafield ind1=" " ind2=" " tag="949"><subfield code="a">http://www.ub.unibas.ch/tox/IDSBB/004024509/PDF</subfield></datafield></record>
</metadata></record>