<record><header><identifier>oai:alma.41SLSP_UGE:991000003639705502</identifier><datestamp>2023-04-11T00:12:24Z</datestamp><setSpec>uge_bcen_RapidILL_BOOK</setSpec><setSpec>uge_aaca_RapidILL_BOOK</setSpec><setSpec>uge_abels_RapidILL_BOOK</setSpec><setSpec>uge_dbu_RapidILL_BOOK</setSpec><setSpec>uge_cmu_RapidILL_BOOK</setSpec><setSpec>uge_mail_RapidILL_BOOK</setSpec><setSpec>uge_abbat_RapidILL_BOOK</setSpec><setSpec>UNIGE_ALL</setSpec><setSpec>uge_acar_RapidILL_BOOK</setSpec><setSpec>uge_aobs_RapidILL_BOOK</setSpec></header><metadata>
<record xmlns="http://www.loc.gov/MARC21/slim" xmlns:xsi="http://www.w3.org/2001/XMLSchema-instance" xsi:schemaLocation="http://www.loc.gov/MARC21/slim http://www.loc.gov/standards/marcxml/schema/MARC21slim.xsd"><leader>01912nam a2200517 c 4500</leader><controlfield tag="001">991000003639705502</controlfield><controlfield tag="005">20230410161014.0</controlfield><controlfield tag="008">201011s2013    it ||||| |||| 10| ||ita d</controlfield><datafield ind1=" " ind2=" " tag="020"><subfield code="a">8871405196</subfield></datafield><datafield ind1=" " ind2=" " tag="020"><subfield code="a">9788871405193</subfield></datafield><datafield ind1="7" ind2=" " tag="024"><subfield code="a">http://catalogue.bnf.fr/ark:/12148/cb43729468d</subfield><subfield code="2">uri</subfield></datafield><datafield ind1=" " ind2=" " tag="035"><subfield code="a">(swissbib)232122326-41slsp_network</subfield></datafield><datafield ind1=" " ind2=" " tag="035"><subfield code="a">232122326</subfield><subfield code="9">ExL</subfield></datafield><datafield ind1=" " ind2=" " tag="035"><subfield code="a">(RERO)R007568173-41slsp</subfield></datafield><datafield ind1=" " ind2=" " tag="035"><subfield code="a">(IDSBB)006121542DSV01</subfield></datafield><datafield ind1=" " ind2=" " tag="035"><subfield code="a">(NEBIS)010004476EBI01</subfield></datafield><datafield ind1=" " ind2=" " tag="035"><subfield code="a">(EXLNZ-41SLSP_NETWORK)991014782269705501</subfield></datafield><datafield ind1=" " ind2=" " tag="040"><subfield code="a">C3L</subfield><subfield code="d">CH-ZuSLS</subfield></datafield><datafield ind1=" " ind2=" " tag="045"><subfield code="a">b0d3</subfield></datafield><datafield ind1=" " ind2="4" tag="050"><subfield code="a">DG</subfield></datafield><datafield ind1=" " ind2="7" tag="072"><subfield code="a">ar</subfield><subfield code="2">rero</subfield></datafield><datafield ind1="0" ind2="4" tag="082"><subfield code="a">937</subfield><subfield code="2">21</subfield></datafield><datafield ind1="0" ind2="0" tag="245"><subfield code="a">Tra Roma e l'Etruria</subfield><subfield code="b">cultura, identità e territorio dei Falisci</subfield><subfield code="c">a cura di Gabriele Cifani</subfield></datafield><datafield ind1=" " ind2="1" tag="264"><subfield code="a">Roma</subfield><subfield code="b">Quasar</subfield><subfield code="c">2013</subfield></datafield><datafield ind1=" " ind2=" " tag="300"><subfield code="a">322 p.</subfield><subfield code="b">ill.</subfield><subfield code="c">24 cm</subfield></datafield><datafield ind1=" " ind2=" " tag="336"><subfield code="b">txt</subfield><subfield code="2">rdacontent</subfield></datafield><datafield ind1=" " ind2=" " tag="337"><subfield code="b">n</subfield><subfield code="2">rdamedia</subfield></datafield><datafield ind1=" " ind2=" " tag="338"><subfield code="b">nc</subfield><subfield code="2">rdacarrier</subfield></datafield><datafield ind1=" " ind2=" " tag="500"><subfield code="a">Also cont. abstracts in English</subfield></datafield><datafield ind1=" " ind2=" " tag="500"><subfield code="a">At head of title: Università degli studi di Roma... ; British School of Rome</subfield></datafield><datafield ind1=" " ind2=" " tag="500"><subfield code="a">Papers presented at a seminar held in Rome, Italy, May 19, 2011</subfield></datafield><datafield ind1=" " ind2=" " tag="500"><subfield code="a">Rome (Lazio)</subfield></datafield><datafield ind1=" " ind2=" " tag="500"><subfield code="a">&quot;This volume has its origins in a workshop at the British School at Rome in May 2011&quot;</subfield></datafield><datafield ind1=" " ind2=" " tag="504"><subfield code="a">Includes bibliographical references.</subfield></datafield><datafield ind1=" " ind2="0" tag="650"><subfield code="a">Faliscans (Italic people)</subfield></datafield><datafield ind1=" " ind2="0" tag="650"><subfield code="a">Pottery, Etruscan</subfield><subfield code="z">Italy</subfield><subfield code="z">Etruria</subfield></datafield><datafield ind1=" " ind2="0" tag="650"><subfield code="a">Pottery, Italic</subfield><subfield code="z">Italy</subfield><subfield code="z">Etruria</subfield></datafield><datafield ind1=" " ind2="7" tag="650"><subfield code="a">Falisques</subfield><subfield code="0">(IDREF)028437985</subfield><subfield code="2">idref</subfield></datafield><datafield ind1=" " ind2="7" tag="650"><subfield code="a">Culture</subfield><subfield code="0">(IDREF)027231429</subfield><subfield code="2">idref</subfield></datafield><datafield ind1=" " ind2="7" tag="650"><subfield code="a">Peuples italiques</subfield><subfield code="0">(IDREF)029042550</subfield><subfield code="2">idref</subfield></datafield><datafield ind1=" " ind2="0" tag="651"><subfield code="a">Etruria</subfield><subfield code="x">Antiquities</subfield></datafield><datafield ind1=" " ind2="7" tag="655"><subfield code="a">Konferenzschrift</subfield><subfield code="z">Rom</subfield><subfield code="y">2011</subfield><subfield code="2">gnd-content</subfield></datafield><datafield ind1=" " ind2="7" tag="655"><subfield code="a">Konferenzschrift</subfield><subfield code="z">Roma</subfield><subfield code="y">2011</subfield><subfield code="2">gnd-content</subfield></datafield><datafield ind1="1" ind2=" " tag="700"><subfield code="a">Cifani, Gabriele</subfield><subfield code="d">1970-....</subfield><subfield code="0">(IDREF)080007988</subfield></datafield><datafield ind1="2" ind2=" " tag="710"><subfield code="a">British School at Rome</subfield><subfield code="0">(DE-588)1009986-4</subfield></datafield><datafield ind1=" " ind2=" " tag="900"><subfield code="a">REROnoselfmerge</subfield></datafield><datafield ind1=" " ind2=" " tag="910"><subfield code="a">OCoLC</subfield><subfield code="b">20131210</subfield><subfield code="c">Droits réservés</subfield></datafield></record>
</metadata></record>