<record><header><identifier>oai:alma.41SLSP_UGE:991000002259705502</identifier><datestamp>2023-03-01T01:08:52Z</datestamp><setSpec>uge_bcen_RapidILL_BOOK</setSpec><setSpec>uge_aaca_RapidILL_BOOK</setSpec><setSpec>uge_abels_RapidILL_BOOK</setSpec><setSpec>uge_dbu_RapidILL_BOOK</setSpec><setSpec>uge_cmu_RapidILL_BOOK</setSpec><setSpec>uge_mail_RapidILL_BOOK</setSpec><setSpec>UNIGE_ALL</setSpec><setSpec>uge_abbat_RapidILL_BOOK</setSpec><setSpec>uge_aobs_RapidILL_BOOK</setSpec><setSpec>uge_acar_RapidILL_BOOK</setSpec></header><metadata>
<record xmlns="http://www.loc.gov/MARC21/slim" xmlns:xsi="http://www.w3.org/2001/XMLSchema-instance" xsi:schemaLocation="http://www.loc.gov/MARC21/slim http://www.loc.gov/standards/marcxml/schema/MARC21slim.xsd"><leader>01754nam a2200481 c 4500</leader><controlfield tag="001">991000002259705502</controlfield><controlfield tag="005">20210207173128.0</controlfield><controlfield tag="008">201012s1999    it ||||| |||| 00| ||ita d</controlfield><datafield ind1=" " ind2=" " tag="020"><subfield code="a">8822247183</subfield></datafield><datafield ind1=" " ind2=" " tag="035"><subfield code="a">(swissbib)240394941-41slsp_network</subfield></datafield><datafield ind1=" " ind2=" " tag="035"><subfield code="a">240394941</subfield><subfield code="9">ExL</subfield></datafield><datafield ind1=" " ind2=" " tag="035"><subfield code="a">(RERO)R258029860-41slsp</subfield></datafield><datafield ind1=" " ind2=" " tag="035"><subfield code="a">(NEBIS)002043224EBI01</subfield></datafield><datafield ind1=" " ind2=" " tag="035"><subfield code="a">(IDSBB)001952784DSV01</subfield></datafield><datafield ind1=" " ind2=" " tag="035"><subfield code="a">(EXLNZ-41SLSP_NETWORK)991129848359705501</subfield></datafield><datafield ind1=" " ind2=" " tag="040"><subfield code="a">RERO geulit</subfield><subfield code="d">CH-ZuSLS</subfield></datafield><datafield ind1=" " ind2="7" tag="072"><subfield code="a">it</subfield><subfield code="2">rero</subfield></datafield><datafield ind1=" " ind2="7" tag="072"><subfield code="a">it</subfield><subfield code="2">SzZuIDS BS/BE</subfield></datafield><datafield ind1="0" ind2="0" tag="082"><subfield code="a">851/.1</subfield><subfield code="2">21</subfield></datafield><datafield ind1="0" ind2="0" tag="082"><subfield code="a">851</subfield></datafield><datafield ind1="0" ind2="4" tag="082"><subfield code="a">851 .1</subfield><subfield code="2">21</subfield></datafield><datafield ind1="1" ind2="4" tag="082"><subfield code="a">851.1</subfield><subfield code="2">22</subfield></datafield><datafield ind1=" " ind2=" " tag="084"><subfield code="a">IT 6131</subfield><subfield code="2">rvk</subfield></datafield><datafield ind1="1" ind2=" " tag="100"><subfield code="a">Baldelli, Ignazio</subfield><subfield code="d">1922-2008</subfield><subfield code="0">(DE-588)119318962</subfield><subfield code="6">880-01</subfield></datafield><datafield ind1="1" ind2=" " tag="880"><subfield code="6">100-01</subfield><subfield code="a">Baldelli, Ignazio</subfield><subfield code="d">1922-2008</subfield><subfield code="0">(IDREF)029145821</subfield><subfield code="4">cre</subfield></datafield><datafield ind1="1" ind2="0" tag="245"><subfield code="a">Dante e Francesca</subfield><subfield code="c">Ignazio Baldelli</subfield></datafield><datafield ind1=" " ind2="1" tag="264"><subfield code="a">Firenze</subfield><subfield code="b">L.S. Olschki</subfield><subfield code="c">1999</subfield></datafield><datafield ind1=" " ind2=" " tag="300"><subfield code="a">93 p.</subfield><subfield code="c">21 cm</subfield></datafield><datafield ind1=" " ind2=" " tag="336"><subfield code="b">txt</subfield><subfield code="2">rdacontent</subfield></datafield><datafield ind1=" " ind2=" " tag="337"><subfield code="b">n</subfield><subfield code="2">rdamedia</subfield></datafield><datafield ind1=" " ind2=" " tag="338"><subfield code="b">nc</subfield><subfield code="2">rdacarrier</subfield></datafield><datafield ind1="1" ind2=" " tag="490"><subfield code="a">Saggi di &quot;Lettere italiane&quot;</subfield><subfield code="v">53</subfield></datafield><datafield ind1="0" ind2="7" tag="600"><subfield code="a">Dante Alighieri.</subfield><subfield code="t">&quot;La Divina Commedia.</subfield><subfield code="p">Inferno.</subfield><subfield code="n">5&quot;</subfield><subfield code="2">rero</subfield></datafield><datafield ind1="0" ind2="7" tag="600"><subfield code="a">Francesca</subfield><subfield code="c">(da Rimini)</subfield><subfield code="0">(RERO)A010016256</subfield><subfield code="2">rero</subfield></datafield><datafield ind1="0" ind2="7" tag="600"><subfield code="a">Dante Alighieri; Divina Commedia; Inferno</subfield><subfield code="2">idszbz</subfield></datafield><datafield ind1="0" ind2="7" tag="600"><subfield code="a">Francesca</subfield><subfield code="c">da Rimini</subfield><subfield code="d">-1285</subfield><subfield code="0">(DE-588)118684396</subfield><subfield code="2">gnd</subfield></datafield><datafield ind1="0" ind2="0" tag="600"><subfield code="a">Dante Alighieri</subfield><subfield code="d">1265-1321</subfield><subfield code="x">Characters</subfield><subfield code="x">Francesca da Rimini</subfield></datafield><datafield ind1="0" ind2="0" tag="600"><subfield code="a">Francesca</subfield><subfield code="c">da Rimini</subfield><subfield code="d">-approximately 1285</subfield><subfield code="x">In literature</subfield></datafield><datafield ind1="0" ind2="7" tag="600"><subfield code="a">Dante</subfield><subfield code="c">Alighieri</subfield><subfield code="x">&lt;&lt;La&gt;&gt; divina commedia</subfield><subfield code="x">Inferno</subfield><subfield code="2">idsbb</subfield></datafield><datafield ind1="0" ind2="7" tag="600"><subfield code="a">Dante</subfield><subfield code="c">Alighieri</subfield><subfield code="x">Motiv</subfield><subfield code="x">Francesca</subfield><subfield code="2">idsbb</subfield></datafield><datafield ind1=" " ind2="0" tag="650"><subfield code="a">Women in literature</subfield></datafield><datafield ind1=" " ind2=" " tag="690"><subfield code="a">Dante</subfield><subfield code="t">: Divina Commedia : Inferno 5</subfield><subfield code="2">uzb-VH</subfield></datafield><datafield ind1=" " ind2="0" tag="830"><subfield code="a">Saggi di &quot;Lettere italiane&quot;</subfield><subfield code="v">53</subfield><subfield code="w">(IDSBB)000655665DSV01</subfield></datafield><datafield ind1=" " ind2=" " tag="900"><subfield code="a">REROnoselfmerge</subfield></datafield><datafield ind1=" " ind2=" " tag="993"><subfield code="a">BFLA 129465</subfield><subfield code="x">ge/ulit/a/99/269</subfield><subfield code="9">LOCAL</subfield></datafield></record>
</metadata></record>