<record><header><identifier>oai:alma.41SLSP_UGE:991000026669705502</identifier><datestamp>2023-07-03T00:42:09Z</datestamp><setSpec>uge_bcen_RapidILL_BOOK</setSpec><setSpec>uge_aaca_RapidILL_BOOK</setSpec><setSpec>uge_abels_RapidILL_BOOK</setSpec><setSpec>uge_dbu_RapidILL_BOOK</setSpec><setSpec>uge_cmu_RapidILL_BOOK</setSpec><setSpec>uge_mail_RapidILL_BOOK</setSpec><setSpec>uge_abbat_RapidILL_BOOK</setSpec><setSpec>UNIGE_ALL</setSpec><setSpec>uge_aobs_RapidILL_BOOK</setSpec><setSpec>uge_acar_RapidILL_BOOK</setSpec></header><metadata>
<record xmlns="http://www.loc.gov/MARC21/slim" xmlns:xsi="http://www.w3.org/2001/XMLSchema-instance" xsi:schemaLocation="http://www.loc.gov/MARC21/slim http://www.loc.gov/standards/marcxml/schema/MARC21slim.xsd"><leader>04371nam a2200829 c 4500</leader><controlfield tag="001">991000026669705502</controlfield><controlfield tag="005">20230702082214.0</controlfield><controlfield tag="008">201011s2006    xxu||||| |||| 00| ||eng d</controlfield><datafield ind1=" " ind2=" " tag="020"><subfield code="a">0415976553</subfield></datafield><datafield ind1=" " ind2=" " tag="020"><subfield code="a">9780415976558</subfield><subfield code="q">hbk.</subfield></datafield><datafield ind1=" " ind2=" " tag="020"><subfield code="a">9780415535885</subfield><subfield code="q">pbk.</subfield></datafield><datafield ind1="7" ind2=" " tag="024"><subfield code="a">http://catalogue.bnf.fr/ark:/12148/cb41117241t</subfield><subfield code="2">uri</subfield></datafield><datafield ind1=" " ind2=" " tag="035"><subfield code="a">(swissbib)217613039-41slsp_network</subfield></datafield><datafield ind1=" " ind2=" " tag="035"><subfield code="a">217613039</subfield><subfield code="9">ExL</subfield></datafield><datafield ind1=" " ind2=" " tag="035"><subfield code="a">(RERO)R004546469-41slsp</subfield></datafield><datafield ind1=" " ind2=" " tag="035"><subfield code="a">(IDSSG)000545092HSB01</subfield></datafield><datafield ind1=" " ind2=" " tag="035"><subfield code="a">(IDSBB)005764450DSV01</subfield></datafield><datafield ind1=" " ind2=" " tag="035"><subfield code="a">(NEBIS)005213882EBI01</subfield></datafield><datafield ind1=" " ind2=" " tag="035"><subfield code="a">(SBT)000721673SBT01</subfield></datafield><datafield ind1=" " ind2=" " tag="035"><subfield code="a">(EXLNZ-41SLSP_NETWORK)991012982369705501</subfield></datafield><datafield ind1=" " ind2=" " tag="040"><subfield code="a">SzZuIDS NEBIS ZBZ</subfield><subfield code="d">CH-ZuSLS</subfield></datafield><datafield ind1=" " ind2="7" tag="072"><subfield code="a">mm</subfield><subfield code="2">SzZuIDS BS/BE</subfield></datafield><datafield ind1=" " ind2="7" tag="072"><subfield code="a">po</subfield><subfield code="2">SzZuIDS BS/BE</subfield></datafield><datafield ind1=" " ind2="7" tag="072"><subfield code="a">ss</subfield><subfield code="2">rero</subfield></datafield><datafield ind1="0" ind2="4" tag="082"><subfield code="a">303.48 330951</subfield><subfield code="2">22</subfield></datafield><datafield ind1="0" ind2="4" tag="082"><subfield code="a">303.48/330951</subfield><subfield code="2">22</subfield></datafield><datafield ind1="1" ind2="4" tag="082"><subfield code="a">303.483 30951</subfield><subfield code="2">22</subfield></datafield><datafield ind1="1" ind2="4" tag="082"><subfield code="a">320</subfield><subfield code="2">15</subfield></datafield><datafield ind1=" " ind2=" " tag="084"><subfield code="a">AP 15999</subfield><subfield code="2">rvk</subfield></datafield><datafield ind1=" " ind2=" " tag="084"><subfield code="a">AP 19620</subfield><subfield code="2">rvk</subfield></datafield><datafield ind1="1" ind2=" " tag="100"><subfield code="a">Tai, Zixue</subfield><subfield code="0">(IDREF)112607608</subfield><subfield code="4">cre</subfield></datafield><datafield ind1="1" ind2="0" tag="245"><subfield code="a">&lt;&lt;The&gt;&gt; Internet in China</subfield><subfield code="b">cyperspace and civil society</subfield><subfield code="c">Zixue Tai</subfield></datafield><datafield ind1=" " ind2="1" tag="264"><subfield code="a">New York</subfield><subfield code="b">Routledge</subfield><subfield code="c">2006</subfield></datafield><datafield ind1=" " ind2=" " tag="300"><subfield code="a">365 S.</subfield><subfield code="b">Ill., graph. Darst.</subfield></datafield><datafield ind1=" " ind2=" " tag="336"><subfield code="b">txt</subfield><subfield code="2">rdacontent</subfield></datafield><datafield ind1=" " ind2=" " tag="337"><subfield code="b">n</subfield><subfield code="2">rdamedia</subfield></datafield><datafield ind1=" " ind2=" " tag="338"><subfield code="b">nc</subfield><subfield code="2">rdacarrier</subfield></datafield><datafield ind1="0" ind2=" " tag="490"><subfield code="a">Routledge studies in new media and cyberculture</subfield></datafield><datafield ind1=" " ind2=" " tag="504"><subfield code="a">p. 315-340</subfield></datafield><datafield ind1=" " ind2=" " tag="520"><subfield code="a">&quot;The Internet in China&quot; examines the cultural and political ramifications of the Internet for Chinese society. The rapid growth of the Internet has been enthusiastically embraced by the Chinese government, but the government has also rushed to seize control of the virtual environment. Individuals have responded with impassioned campaigns against official control of information. The emergence of a civil society via cyberspace has had profound effects upon China - for example, in 2003, based on an Internet campaign, the Chinese Supreme People's Court overturned the ruling of a local court for the first time since the Communist Party came to power in 1949. The important question this book asks is not whether the Internet will democratize China, but rather in what ways the Internet is democratizing communication in China. How is the Internet empowering individuals by fostering new types of social spaces and redefining existing social relations?</subfield><subfield code="5">SBT/27.11.2013/BUL/RCG</subfield></datafield><datafield ind1=" " ind2="7" tag="650"><subfield code="a">Internet</subfield><subfield code="0">(IDREF)032317468</subfield><subfield code="2">idref</subfield></datafield><datafield ind1=" " ind2="7" tag="650"><subfield code="a">Politique de l'information</subfield><subfield code="0">(IDREF)095826009</subfield><subfield code="2">idref</subfield></datafield><datafield ind1=" " ind2="7" tag="650"><subfield code="a">Société civile</subfield><subfield code="0">(IDREF)028697057</subfield><subfield code="2">idref</subfield></datafield><datafield ind1=" " ind2="7" tag="650"><subfield code="a">Mouvements sociaux</subfield><subfield code="0">(IDREF)027435628</subfield><subfield code="2">idref</subfield></datafield><datafield ind1=" " ind2="7" tag="650"><subfield code="a">Kommunikation</subfield><subfield code="0">(DE-588)4031883-7</subfield><subfield code="2">gnd</subfield></datafield><datafield ind1=" " ind2="7" tag="650"><subfield code="a">Politische Kontrolle</subfield><subfield code="0">(DE-588)4197602-2</subfield><subfield code="2">gnd</subfield></datafield><datafield ind1=" " ind2="7" tag="650"><subfield code="a">Zivilgesellschaft</subfield><subfield code="0">(DE-588)7668631-0</subfield><subfield code="2">gnd</subfield></datafield><datafield ind1=" " ind2="7" tag="650"><subfield code="a">Demokratisierung</subfield><subfield code="0">(DE-588)4124941-0</subfield><subfield code="2">gnd</subfield></datafield><datafield ind1=" " ind2="7" tag="650"><subfield code="a">Internet</subfield><subfield code="0">(DE-588)4308416-3</subfield><subfield code="2">gnd</subfield></datafield><datafield ind1=" " ind2="7" tag="650"><subfield code="a">Internet</subfield><subfield code="2">idszbz</subfield></datafield><datafield ind1=" " ind2="7" tag="650"><subfield code="a">Gesellschaft</subfield><subfield code="2">idszbz</subfield></datafield><datafield ind1=" " ind2="0" tag="650"><subfield code="a">Civil society</subfield><subfield code="z">China</subfield></datafield><datafield ind1=" " ind2="0" tag="650"><subfield code="a">Information policy</subfield><subfield code="z">China</subfield></datafield><datafield ind1=" " ind2="0" tag="650"><subfield code="a">Internet</subfield><subfield code="x">Political aspects</subfield><subfield code="z">China</subfield></datafield><datafield ind1=" " ind2="0" tag="650"><subfield code="a">Internet</subfield><subfield code="x">Social aspects</subfield><subfield code="z">China</subfield></datafield><datafield ind1=" " ind2="7" tag="651"><subfield code="a">Chine</subfield><subfield code="0">(IDREF)027633179</subfield><subfield code="2">idref</subfield></datafield><datafield ind1=" " ind2="7" tag="651"><subfield code="a">China</subfield><subfield code="0">(DE-588)4009937-4</subfield><subfield code="2">gnd</subfield></datafield><datafield ind1=" " ind2="7" tag="651"><subfield code="a">China</subfield><subfield code="2">idszbz</subfield></datafield><datafield ind1=" " ind2=" " tag="690"><subfield code="a">Internet ; China ; Civilization society ; digit ; Factor ; Social movement ; Imprint ; Government policy ; networks circuits ; Public opinion ; Business content ; Idea ; Context ; State control ; Communication ; Bibliography ; Emergence ; Croup ; Data table ; Detonation ; computer viruses ; Activism</subfield><subfield code="2">idssg-J</subfield></datafield><datafield ind1=" " ind2=" " tag="690"><subfield code="a">New York London; Early Modern; Contemporary Social Thought; Historical Development; Chinese Cyberspace</subfield><subfield code="2">idssg-J</subfield></datafield><datafield ind1=" " ind2=" " tag="690"><subfield code="a">china [100]; New York London [100]</subfield><subfield code="2">idssg-J</subfield></datafield><datafield ind1=" " ind2=" " tag="690"><subfield code="a">Cyberspace; outledge; Routledge; informa; Cyber</subfield><subfield code="2">idssg-J</subfield></datafield><datafield ind1=" " ind2=" " tag="690"><subfield code="a">China</subfield><subfield code="2">uzb-UW</subfield></datafield><datafield ind1=" " ind2=" " tag="690"><subfield code="a">Beziehung zum Westen</subfield><subfield code="2">uzb-UW</subfield></datafield><datafield ind1=" " ind2=" " tag="690"><subfield code="a">Internet</subfield><subfield code="2">uzb-UW</subfield></datafield><datafield ind1=" " ind2=" " tag="690"><subfield code="a">Gesellschaft</subfield><subfield code="2">uzb-UW</subfield></datafield><datafield ind1=" " ind2=" " tag="690"><subfield code="a">Zivilgesellschaft</subfield><subfield code="2">uzb-UW</subfield></datafield><datafield ind1=" " ind2=" " tag="690"><subfield code="a">Politik</subfield><subfield code="2">uzb-UW</subfield></datafield><datafield ind1=" " ind2=" " tag="691"><subfield code="e">303.48330951</subfield><subfield code="a">Cause del cambiamento sociale. Comunicazioni. Cina</subfield><subfield code="2">usi-TE</subfield></datafield><datafield ind1="4" ind2=" " tag="856"><subfield code="u">https://tools.unisg.ch/url/hm00398026</subfield><subfield code="z">Inhaltsverzeichnis</subfield></datafield><datafield ind1=" " ind2="0" tag="830"><subfield code="a">Routledge studies in new media and cyberculture</subfield><subfield code="w">(IDSBB)005664821DSV01</subfield></datafield><datafield ind1=" " ind2=" " tag="900"><subfield code="a">IDSZ2zbzmon200612e</subfield><subfield code="c">IDSZ2prin</subfield><subfield code="d">IDSZ2zbzswk200612b</subfield><subfield code="e">IDSZ2tschu</subfield></datafield><datafield ind1=" " ind2=" " tag="949"><subfield code="a">https://tools.unisg.ch/url/hm00398026</subfield></datafield></record>
</metadata></record>