<record><header><identifier>oai:alma.41SLSP_UGE:991000003219705502</identifier><datestamp>2024-11-16T01:15:23Z</datestamp><setSpec>uge_bcen_RapidILL_BOOK</setSpec><setSpec>uge_aaca_RapidILL_BOOK</setSpec><setSpec>uge_abels_RapidILL_BOOK</setSpec><setSpec>uge_dbu_RapidILL_BOOK</setSpec><setSpec>uge_cmu_RapidILL_BOOK</setSpec><setSpec>uge_mail_RapidILL_BOOK</setSpec><setSpec>uge_abbat_RapidILL_BOOK</setSpec><setSpec>UNIGE_ALL</setSpec><setSpec>uge_acar_RapidILL_BOOK</setSpec><setSpec>uge_aobs_RapidILL_BOOK</setSpec></header><metadata>
<record xmlns="http://www.loc.gov/MARC21/slim" xmlns:xsi="http://www.w3.org/2001/XMLSchema-instance" xsi:schemaLocation="http://www.loc.gov/MARC21/slim http://www.loc.gov/standards/marcxml/schema/MARC21slim.xsd"><leader>04926nam a2200769 c 4500</leader><controlfield tag="001">991000003219705502</controlfield><controlfield tag="005">20241115125637.0</controlfield><controlfield tag="008">201012s2003    sz ||||| |||| 00| ||fre d</controlfield><datafield ind1=" " ind2=" " tag="020"><subfield code="a">3727210168</subfield><subfield code="c">ca. CHF 156.00 / EUR 112.40</subfield></datafield><datafield ind1=" " ind2=" " tag="035"><subfield code="a">(swissbib)241859549-41slsp_network</subfield></datafield><datafield ind1=" " ind2=" " tag="035"><subfield code="a">241859549</subfield><subfield code="9">ExL</subfield></datafield><datafield ind1=" " ind2=" " tag="035"><subfield code="a">(RERO)R003308566-41slsp</subfield></datafield><datafield ind1=" " ind2=" " tag="035"><subfield code="a">(IDSLU)000276941ILU01</subfield></datafield><datafield ind1=" " ind2=" " tag="035"><subfield code="a">(IDSBB)002644996DSV01</subfield></datafield><datafield ind1=" " ind2=" " tag="035"><subfield code="a">(SBT)000257020SBT01</subfield></datafield><datafield ind1=" " ind2=" " tag="035"><subfield code="a">(IDSSG)000259568HSB01</subfield></datafield><datafield ind1=" " ind2=" " tag="035"><subfield code="a">(NEBIS)004415985EBI01</subfield></datafield><datafield ind1=" " ind2=" " tag="035"><subfield code="a">(EXLNZ-41SLSP_NETWORK)991133158909705501</subfield></datafield><datafield ind1=" " ind2=" " tag="040"><subfield code="a">RERO neubfd</subfield><subfield code="d">CH-ZuSLS</subfield></datafield><datafield ind1=" " ind2=" " tag="044"><subfield code="a">sz</subfield><subfield code="c">ch-be</subfield></datafield><datafield ind1=" " ind2="7" tag="072"><subfield code="a">820</subfield><subfield code="2">IDS LU</subfield></datafield><datafield ind1=" " ind2="7" tag="072"><subfield code="a">rw</subfield><subfield code="2">SzZuIDS BS/BE</subfield></datafield><datafield ind1=" " ind2="7" tag="072"><subfield code="a">dr</subfield><subfield code="2">rero</subfield></datafield><datafield ind1="1" ind2="4" tag="082"><subfield code="a">340</subfield><subfield code="2">15</subfield></datafield><datafield ind1=" " ind2=" " tag="084"><subfield code="a">CA/CH 37 g</subfield><subfield code="2">cjurrom</subfield></datafield><datafield ind1="1" ind2=" " tag="100"><subfield code="6">880-01</subfield><subfield code="a">Nguyen, Minh Son</subfield><subfield code="d">1970-</subfield><subfield code="0">(DE-588)13238566X</subfield></datafield><datafield ind1="1" ind2=" " tag="880"><subfield code="6">100-01</subfield><subfield code="a">Nguyêñ, Minh Soń</subfield><subfield code="c">juriste</subfield><subfield code="d">1970-....</subfield><subfield code="0">(IDREF)07865985X</subfield><subfield code="4">cre</subfield></datafield><datafield ind1="1" ind2="0" tag="245"><subfield code="a">Droit public des étrangers</subfield><subfield code="b">présence, activité économique et statut politique</subfield><subfield code="c">Minh Son Nguyen</subfield></datafield><datafield ind1=" " ind2="1" tag="264"><subfield code="a">Berne</subfield><subfield code="b">Staempfli</subfield><subfield code="c">2003</subfield></datafield><datafield ind1=" " ind2=" " tag="300"><subfield code="a">816 p.</subfield><subfield code="c">23 cm</subfield></datafield><datafield ind1=" " ind2=" " tag="336"><subfield code="b">txt</subfield><subfield code="2">rdacontent</subfield></datafield><datafield ind1=" " ind2=" " tag="337"><subfield code="b">n</subfield><subfield code="2">rdamedia</subfield></datafield><datafield ind1=" " ind2=" " tag="338"><subfield code="b">nc</subfield><subfield code="2">rdacarrier</subfield></datafield><datafield ind1="1" ind2=" " tag="490"><subfield code="a">Précis de Droit Staempfli</subfield></datafield><datafield ind1=" " ind2="7" tag="650"><subfield code="a">Ausländerrecht</subfield><subfield code="9">ger</subfield><subfield code="0">(RERO)jurivoc000002257ger</subfield><subfield code="2">jurivoc</subfield></datafield><datafield ind1=" " ind2="7" tag="650"><subfield code="a">Ausländer</subfield><subfield code="9">ger</subfield><subfield code="0">(RERO)jurivoc000002245ger</subfield><subfield code="2">jurivoc</subfield></datafield><datafield ind1=" " ind2="7" tag="650"><subfield code="a">öffentliches Recht</subfield><subfield code="9">ger</subfield><subfield code="0">(RERO)jurivoc000016426ger</subfield><subfield code="2">jurivoc</subfield></datafield><datafield ind1=" " ind2="7" tag="650"><subfield code="a">Einreise</subfield><subfield code="9">ger</subfield><subfield code="0">(RERO)jurivoc000006541ger</subfield><subfield code="2">jurivoc</subfield></datafield><datafield ind1=" " ind2="7" tag="650"><subfield code="a">Erwerbstätigkeit</subfield><subfield code="9">ger</subfield><subfield code="0">(RERO)jurivoc000007549ger</subfield><subfield code="2">jurivoc</subfield></datafield><datafield ind1=" " ind2="7" tag="650"><subfield code="a">politische Rechte</subfield><subfield code="9">ger</subfield><subfield code="0">(RERO)jurivoc000017378ger</subfield><subfield code="2">jurivoc</subfield></datafield><datafield ind1=" " ind2="7" tag="650"><subfield code="a">Droit public</subfield><subfield code="0">(IDREF)050573004</subfield><subfield code="2">idref</subfield></datafield><datafield ind1=" " ind2="7" tag="650"><subfield code="a">Étrangers</subfield><subfield code="0">(IDREF)027742016</subfield><subfield code="2">idref</subfield></datafield><datafield ind1=" " ind2="7" tag="650"><subfield code="a">Ausländerrecht</subfield><subfield code="z">Schweiz</subfield><subfield code="v">0 Gesamtdarstellung</subfield><subfield code="2">idsbb</subfield></datafield><datafield ind1=" " ind2="7" tag="650"><subfield code="a">Ausländerrecht</subfield><subfield code="0">(DE-588)4003734-4</subfield><subfield code="2">gnd</subfield></datafield><datafield ind1=" " ind2="7" tag="650"><subfield code="a">Ausländerrecht</subfield><subfield code="2">idszbz</subfield></datafield><datafield ind1=" " ind2="7" tag="650"><subfield code="a">Asylrecht</subfield><subfield code="2">idszbz</subfield></datafield><datafield ind1=" " ind2="7" tag="650"><subfield code="a">Schweiz</subfield><subfield code="g">Motiv</subfield><subfield code="0">(DE-588)4120027-5</subfield><subfield code="2">gnd</subfield></datafield><datafield ind1=" " ind2="0" tag="650"><subfield code="a">Aliens</subfield><subfield code="z">Europe</subfield></datafield><datafield ind1=" " ind2="0" tag="650"><subfield code="a">Aliens</subfield><subfield code="z">Switzerland</subfield></datafield><datafield ind1=" " ind2="0" tag="650"><subfield code="a">Asylum, Right of</subfield><subfield code="z">Switzerland</subfield></datafield><datafield ind1=" " ind2="7" tag="650"><subfield code="a">Stranieri</subfield><subfield code="x">diritto</subfield><subfield code="z">Svizzera</subfield><subfield code="2">sbt12</subfield></datafield><datafield ind1=" " ind2="7" tag="651"><subfield code="a">Schweiz</subfield><subfield code="9">ger</subfield><subfield code="0">(RERO)jurivoc000019912ger</subfield><subfield code="2">jurivoc</subfield></datafield><datafield ind1=" " ind2="7" tag="651"><subfield code="a">Suisse</subfield><subfield code="0">(IDREF)027249654</subfield><subfield code="2">idref</subfield></datafield><datafield ind1=" " ind2="7" tag="651"><subfield code="a">Schweiz</subfield><subfield code="0">(DE-588)4053881-3</subfield><subfield code="2">gnd</subfield></datafield><datafield ind1=" " ind2="7" tag="651"><subfield code="a">Schweiz</subfield><subfield code="2">idszbz</subfield></datafield><datafield ind1=" " ind2="7" tag="655"><subfield code="a">Grundlagenwerk</subfield><subfield code="9">ger</subfield><subfield code="2">jurivoc</subfield><subfield code="0">(RERO)jurivoc000010408ger</subfield></datafield><datafield ind1=" " ind2="7" tag="655"><subfield code="a">Lehrbuch</subfield><subfield code="2">gnd-content</subfield></datafield><datafield ind1=" " ind2=" " tag="690"><subfield code="a">migration ; admission ; autorisation ; indication ; circulation ; introduction ; commission ; jugement ; restriction ; regroupement ; docteur ; fonctionnement ; changement ; accord ; succession ; transformation ; acteur ; absence ; garantie ; capitulation ; rapport ; adoption ; titre ; suisse ; domaine ; importance ; notion ; angle ; situation ; chapitre ; section ; niveau ; travailleur ; partie ; objet ; but ; service ; action ; compte ; approche ; artiste ; placement ; avocat ; cours ; statuts ; statut ; table ; rente ; cadre ; droit d'sasile ; structure ; moral ; Etat membre ; état membre ; ration ; partition ; conseil ; affaire ; office ; instance ; recours ; asile ; institution ; instrument ; principe ; abus ; exercice ; nature ; fond ; fonds ; contenu ; espace ; temps ; condition ; forme ; champs ; champ ; cercle ; salaire ; cas ; effet ; vis ; sportif ; prise ; vue ; motif ; protection ; vie ; article ; membre</subfield><subfield code="2">idssg-J</subfield></datafield><datafield ind1=" " ind2=" " tag="690"><subfield code="a">enceinte f; politique ext; droit p; droit priv; administratives f; droit vaudois; autres organismes; Droit g; droits ex; autre canton; ancien mod; dur e</subfield><subfield code="2">idssg-J</subfield></datafield><datafield ind1=" " ind2=" " tag="690"><subfield code="a">Suisse [100]; Lausanne [100]</subfield><subfield code="2">idssg-J</subfield></datafield><datafield ind1=" " ind2=" " tag="690"><subfield code="a">Minh; Nguyen; charg; Facult; Universit; trangers; sence; activit; conomique; Stsempfli; e; res; Abr; viations; tranger; volution; diff; rale; re; gard; int; gration; rieure; m; canisme; valuation; rents; caract; ristiques; Caract; ex; cution; forc; nal; priv; n; ralit; gislation; r; gime; gimes; sp; ciaux; ts; conomiques; degr; trang; cial; bilat; raux; Communaut; europ; enne; Conf; ral; Principaut; comp; tences; rales; f; partement; t; ches; cision; cisions; fugi; repr; sentations; contr; fronti; premi; libert; appr; ciation; g; exc; lege; entr; tre; validit; rielles; Identit; nationalit; fense; cessaires; cifiques; syst; proc; frontali; tablissement; priorit; indig; riel; Syst; uvre; ann; mun; tude; cat; gories; gorie; Activit; dias; LEtr; ves; tudiants; dical; plac; prononc; Qualit; assur; D</subfield><subfield code="2">idssg-J</subfield></datafield><datafield ind1=" " ind2=" " tag="691"><subfield code="e">PC 37 CH</subfield><subfield code="2">rzs-L1</subfield></datafield><datafield ind1=" " ind2=" " tag="691"><subfield code="e">342.49408</subfield><subfield code="a">Giurisdizione sulle persone. Svizzera</subfield><subfield code="2">usi-TE</subfield></datafield><datafield ind1=" " ind2="0" tag="830"><subfield code="a">Précis de droit Staempfli</subfield><subfield code="w">(SBT)000000452SBT01</subfield></datafield><datafield ind1="4" ind2=" " tag="856"><subfield code="u">https://tools.unisg.ch/url/hm00070194</subfield><subfield code="z">Inhaltsverzeichnis</subfield></datafield><datafield ind1=" " ind2=" " tag="900"><subfield code="a">IDSZ2rwimon200302i</subfield><subfield code="c">IDSZ2buche 030218</subfield><subfield code="d">IDSZ2rwiswk200303b</subfield><subfield code="e">IDSZ2meim</subfield></datafield><datafield ind1=" " ind2=" " tag="900"><subfield code="a">IDSZ2zbzmon200307l</subfield><subfield code="c">IDSZ2meyr</subfield><subfield code="d">IDSZ2zbzswk200307u</subfield></datafield><datafield ind1=" " ind2=" " tag="949"><subfield code="a">https://tools.unisg.ch/url/hm00070194</subfield></datafield></record>
</metadata></record>